%YAML 1.1
%TAG !u! tag:unity3d.com,2011:
--- !u!1 &627519036000567087
GameObject:
  m_ObjectHideFlags: 0
  m_CorrespondingSourceObject: {fileID: 0}
  m_PrefabInstance: {fileID: 0}
  m_PrefabAsset: {fileID: 0}
  serializedVersion: 6
  m_Component:
  - component: {fileID: 2054641150477476459}
  m_Layer: 0
  m_Name: Position2
  m_TagString: Untagged
  m_Icon: {fileID: 0}
  m_NavMeshLayer: 0
  m_StaticEditorFlags: 0
  m_IsActive: 1
--- !u!4 &2054641150477476459
Transform:
  m_ObjectHideFlags: 0
  m_CorrespondingSourceObject: {fileID: 0}
  m_PrefabInstance: {fileID: 0}
  m_PrefabAsset: {fileID: 0}
  m_GameObject: {fileID: 627519036000567087}
  m_LocalRotation: {x: 0, y: 0, z: 0, w: 1}
  m_LocalPosition: {x: -0.3836503, y: -1.4, z: 0}
  m_LocalScale: {x: 1, y: 1, z: 1}
  m_Children: []
  m_Father: {fileID: 8433474184418537359}
  m_RootOrder: 2
  m_LocalEulerAnglesHint: {x: 0, y: 0, z: 0}
--- !u!1 &1551952417651649988
GameObject:
  m_ObjectHideFlags: 0
  m_CorrespondingSourceObject: {fileID: 0}
  m_PrefabInstance: {fileID: 0}
  m_PrefabAsset: {fileID: 0}
  serializedVersion: 6
  m_Component:
  - component: {fileID: 895968150669087249}
  m_Layer: 0
  m_Name: Position1
  m_TagString: Untagged
  m_Icon: {fileID: 0}
  m_NavMeshLayer: 0
  m_StaticEditorFlags: 0
  m_IsActive: 1
--- !u!4 &895968150669087249
Transform:
  m_ObjectHideFlags: 0
  m_CorrespondingSourceObject: {fileID: 0}
  m_PrefabInstance: {fileID: 0}
  m_PrefabAsset: {fileID: 0}
  m_GameObject: {fileID: 1551952417651649988}
  m_LocalRotation: {x: 0, y: 0, z: 0, w: 1}
  m_LocalPosition: {x: -0.3836503, y: -1.25, z: 0}
  m_LocalScale: {x: 1, y: 1, z: 1}
  m_Children: []
  m_Father: {fileID: 8433474184418537359}
  m_RootOrder: 1
  m_LocalEulerAnglesHint: {x: 0, y: 0, z: 0}
--- !u!1 &7958047755282150636
GameObject:
  m_ObjectHideFlags: 0
  m_CorrespondingSourceObject: {fileID: 0}
  m_PrefabInstance: {fileID: 0}
  m_PrefabAsset: {fileID: 0}
  serializedVersion: 6
  m_Component:
  - component: {fileID: 8433474184418537359}
  m_Layer: 0
  m_Name: FallingPlatform
  m_TagString: Untagged
  m_Icon: {fileID: 0}
  m_NavMeshLayer: 0
  m_StaticEditorFlags: 0
  m_IsActive: 1
--- !u!4 &8433474184418537359
Transform:
  m_ObjectHideFlags: 0
  m_CorrespondingSourceObject: {fileID: 0}
  m_PrefabInstance: {fileID: 0}
  m_PrefabAsset: {fileID: 0}
  m_GameObject: {fileID: 7958047755282150636}
  m_LocalRotation: {x: 0, y: 0, z: 0, w: 1}
  m_LocalPosition: {x: -1.6130209, y: 0.82387346, z: -1.3396049}
  m_LocalScale: {x: 1, y: 1, z: 1}
  m_Children:
  - {fileID: 306493401172333733}
  - {fileID: 895968150669087249}
  - {fileID: 2054641150477476459}
  m_Father: {fileID: 0}
  m_RootOrder: 0
  m_LocalEulerAnglesHint: {x: 0, y: 0, z: 0}
--- !u!1001 &2708526780337034112
PrefabInstance:
  m_ObjectHideFlags: 0
  serializedVersion: 2
  m_Modification:
    m_TransformParent: {fileID: 8433474184418537359}
    m_Modifications:
    - target: {fileID: 1653949466479495480, guid: 1194eee56db68374dac0bcffacde7f3e, type: 3}
      propertyPath: speed
      value: 0.5
      objectReference: {fileID: 0}
    - target: {fileID: 1653949466479495480, guid: 1194eee56db68374dac0bcffacde7f3e, type: 3}
      propertyPath: startPos
      value: 
      objectReference: {fileID: 895968150669087249}
    - target: {fileID: 1653949466479495480, guid: 1194eee56db68374dac0bcffacde7f3e, type: 3}
      propertyPath: pos.Array.data[0]
      value: 
      objectReference: {fileID: 895968150669087249}
    - target: {fileID: 1653949466479495480, guid: 1194eee56db68374dac0bcffacde7f3e, type: 3}
      propertyPath: pos.Array.data[1]
      value: 
      objectReference: {fileID: 2054641150477476459}
    - target: {fileID: 2438273542274402082, guid: 1194eee56db68374dac0bcffacde7f3e, type: 3}
      propertyPath: m_Name
      value: Platform
      objectReference: {fileID: 0}
    - target: {fileID: 2438273542274402085, guid: 1194eee56db68374dac0bcffacde7f3e, type: 3}
      propertyPath: m_RootOrder
      value: 0
      objectReference: {fileID: 0}
    - target: {fileID: 2438273542274402085, guid: 1194eee56db68374dac0bcffacde7f3e, type: 3}
      propertyPath: m_LocalPosition.x
      value: -0.3836503
      objectReference: {fileID: 0}
    - target: {fileID: 2438273542274402085, guid: 1194eee56db68374dac0bcffacde7f3e, type: 3}
      propertyPath: m_LocalPosition.y
      value: -1.28
      objectReference: {fileID: 0}
    - target: {fileID: 2438273542274402085, guid: 1194eee56db68374dac0bcffacde7f3e, type: 3}
      propertyPath: m_LocalPosition.z
      value: 0
      objectReference: {fileID: 0}
    - target: {fileID: 2438273542274402085, guid: 1194eee56db68374dac0bcffacde7f3e, type: 3}
      propertyPath: m_LocalRotation.w
      value: 1
      objectReference: {fileID: 0}
    - target: {fileID: 2438273542274402085, guid: 1194eee56db68374dac0bcffacde7f3e, type: 3}
      propertyPath: m_LocalRotation.x
      value: -0
      objectReference: {fileID: 0}
    - target: {fileID: 2438273542274402085, guid: 1194eee56db68374dac0bcffacde7f3e, type: 3}
      propertyPath: m_LocalRotation.y
      value: -0
      objectReference: {fileID: 0}
    - target: {fileID: 2438273542274402085, guid: 1194eee56db68374dac0bcffacde7f3e, type: 3}
      propertyPath: m_LocalRotation.z
      value: -0
      objectReference: {fileID: 0}
    - target: {fileID: 2438273542274402085, guid: 1194eee56db68374dac0bcffacde7f3e, type: 3}
      propertyPath: m_LocalEulerAnglesHint.x
      value: 0
      objectReference: {fileID: 0}
    - target: {fileID: 2438273542274402085, guid: 1194eee56db68374dac0bcffacde7f3e, type: 3}
      propertyPath: m_LocalEulerAnglesHint.y
      value: 0
      objectReference: {fileID: 0}
    - target: {fileID: 2438273542274402085, guid: 1194eee56db68374dac0bcffacde7f3e, type: 3}
      propertyPath: m_LocalEulerAnglesHint.z
      value: 0
      objectReference: {fileID: 0}
    m_RemovedComponents: []
  m_SourcePrefab: {fileID: 100100000, guid: 1194eee56db68374dac0bcffacde7f3e, type: 3}
--- !u!4 &306493401172333733 stripped
Transform:
  m_CorrespondingSourceObject: {fileID: 2438273542274402085, guid: 1194eee56db68374dac0bcffacde7f3e, type: 3}
  m_PrefabInstance: {fileID: 2708526780337034112}
  m_PrefabAsset: {fileID: 0}
