%YAML 1.1
%TAG !u! tag:unity3d.com,2011:
--- !u!29 &1
OcclusionCullingSettings:
  m_ObjectHideFlags: 0
  serializedVersion: 2
  m_OcclusionBakeSettings:
    smallestOccluder: 5
    smallestHole: 0.25
    backfaceThreshold: 100
  m_SceneGUID: 00000000000000000000000000000000
  m_OcclusionCullingData: {fileID: 0}
--- !u!104 &2
RenderSettings:
  m_ObjectHideFlags: 0
  serializedVersion: 9
  m_Fog: 0
  m_FogColor: {r: 0.5, g: 0.5, b: 0.5, a: 1}
  m_FogMode: 3
  m_FogDensity: 0.01
  m_LinearFogStart: 0
  m_LinearFogEnd: 300
  m_AmbientSkyColor: {r: 0.212, g: 0.227, b: 0.259, a: 1}
  m_AmbientEquatorColor: {r: 0.114, g: 0.125, b: 0.133, a: 1}
  m_AmbientGroundColor: {r: 0.047, g: 0.043, b: 0.035, a: 1}
  m_AmbientIntensity: 1
  m_AmbientMode: 3
  m_SubtractiveShadowColor: {r: 0.42, g: 0.478, b: 0.627, a: 1}
  m_SkyboxMaterial: {fileID: 0}
  m_HaloStrength: 0.5
  m_FlareStrength: 1
  m_FlareFadeSpeed: 3
  m_HaloTexture: {fileID: 0}
  m_SpotCookie: {fileID: 10001, guid: 0000000000000000e000000000000000, type: 0}
  m_DefaultReflectionMode: 0
  m_DefaultReflectionResolution: 128
  m_ReflectionBounces: 1
  m_ReflectionIntensity: 1
  m_CustomReflection: {fileID: 0}
  m_Sun: {fileID: 0}
  m_IndirectSpecularColor: {r: 0, g: 0, b: 0, a: 1}
  m_UseRadianceAmbientProbe: 0
--- !u!157 &3
LightmapSettings:
  m_ObjectHideFlags: 0
  serializedVersion: 12
  m_GIWorkflowMode: 1
  m_GISettings:
    serializedVersion: 2
    m_BounceScale: 1
    m_IndirectOutputScale: 1
    m_AlbedoBoost: 1
    m_EnvironmentLightingMode: 0
    m_EnableBakedLightmaps: 0
    m_EnableRealtimeLightmaps: 0
  m_LightmapEditorSettings:
    serializedVersion: 12
    m_Resolution: 2
    m_BakeResolution: 40
    m_AtlasSize: 1024
    m_AO: 0
    m_AOMaxDistance: 1
    m_CompAOExponent: 1
    m_CompAOExponentDirect: 0
    m_ExtractAmbientOcclusion: 0
    m_Padding: 2
    m_LightmapParameters: {fileID: 0}
    m_LightmapsBakeMode: 1
    m_TextureCompression: 1
    m_FinalGather: 0
    m_FinalGatherFiltering: 1
    m_FinalGatherRayCount: 256
    m_ReflectionCompression: 2
    m_MixedBakeMode: 2
    m_BakeBackend: 1
    m_PVRSampling: 1
    m_PVRDirectSampleCount: 32
    m_PVRSampleCount: 512
    m_PVRBounces: 2
    m_PVREnvironmentSampleCount: 256
    m_PVREnvironmentReferencePointCount: 2048
    m_PVRFilteringMode: 1
    m_PVRDenoiserTypeDirect: 1
    m_PVRDenoiserTypeIndirect: 1
    m_PVRDenoiserTypeAO: 1
    m_PVRFilterTypeDirect: 0
    m_PVRFilterTypeIndirect: 0
    m_PVRFilterTypeAO: 0
    m_PVREnvironmentMIS: 1
    m_PVRCulling: 1
    m_PVRFilteringGaussRadiusDirect: 1
    m_PVRFilteringGaussRadiusIndirect: 5
    m_PVRFilteringGaussRadiusAO: 2
    m_PVRFilteringAtrousPositionSigmaDirect: 0.5
    m_PVRFilteringAtrousPositionSigmaIndirect: 2
    m_PVRFilteringAtrousPositionSigmaAO: 1
    m_ExportTrainingData: 0
    m_TrainingDataDestination: TrainingData
    m_LightProbeSampleCountMultiplier: 4
  m_LightingDataAsset: {fileID: 0}
  m_LightingSettings: {fileID: 0}
--- !u!196 &4
NavMeshSettings:
  serializedVersion: 2
  m_ObjectHideFlags: 0
  m_BuildSettings:
    serializedVersion: 2
    agentTypeID: 0
    agentRadius: 0.5
    agentHeight: 2
    agentSlope: 45
    agentClimb: 0.4
    ledgeDropHeight: 0
    maxJumpAcrossDistance: 0
    minRegionArea: 2
    manualCellSize: 0
    cellSize: 0.16666667
    manualTileSize: 0
    tileSize: 256
    accuratePlacement: 0
    maxJobWorkers: 0
    preserveTilesOutsideBounds: 0
    debug:
      m_Flags: 0
  m_NavMeshData: {fileID: 0}
--- !u!1001 &35982953
PrefabInstance:
  m_ObjectHideFlags: 0
  serializedVersion: 2
  m_Modification:
    m_TransformParent: {fileID: 0}
    m_Modifications:
    - target: {fileID: 2072413000816940167, guid: 41a0170fcf2c2974db6b765546ae56d2, type: 3}
      propertyPath: m_Name
      value: ClearObject
      objectReference: {fileID: 0}
    - target: {fileID: 7689303685813853911, guid: 41a0170fcf2c2974db6b765546ae56d2, type: 3}
      propertyPath: m_RootOrder
      value: 1
      objectReference: {fileID: 0}
    - target: {fileID: 7689303685813853911, guid: 41a0170fcf2c2974db6b765546ae56d2, type: 3}
      propertyPath: m_LocalPosition.x
      value: 0.2716472
      objectReference: {fileID: 0}
    - target: {fileID: 7689303685813853911, guid: 41a0170fcf2c2974db6b765546ae56d2, type: 3}
      propertyPath: m_LocalPosition.y
      value: 7.5
      objectReference: {fileID: 0}
    - target: {fileID: 7689303685813853911, guid: 41a0170fcf2c2974db6b765546ae56d2, type: 3}
      propertyPath: m_LocalPosition.z
      value: -2.2024875
      objectReference: {fileID: 0}
    - target: {fileID: 7689303685813853911, guid: 41a0170fcf2c2974db6b765546ae56d2, type: 3}
      propertyPath: m_LocalRotation.w
      value: 1
      objectReference: {fileID: 0}
    - target: {fileID: 7689303685813853911, guid: 41a0170fcf2c2974db6b765546ae56d2, type: 3}
      propertyPath: m_LocalRotation.x
      value: 0
      objectReference: {fileID: 0}
    - target: {fileID: 7689303685813853911, guid: 41a0170fcf2c2974db6b765546ae56d2, type: 3}
      propertyPath: m_LocalRotation.y
      value: 0
      objectReference: {fileID: 0}
    - target: {fileID: 7689303685813853911, guid: 41a0170fcf2c2974db6b765546ae56d2, type: 3}
      propertyPath: m_LocalRotation.z
      value: 0
      objectReference: {fileID: 0}
    - target: {fileID: 7689303685813853911, guid: 41a0170fcf2c2974db6b765546ae56d2, type: 3}
      propertyPath: m_LocalEulerAnglesHint.x
      value: 0
      objectReference: {fileID: 0}
    - target: {fileID: 7689303685813853911, guid: 41a0170fcf2c2974db6b765546ae56d2, type: 3}
      propertyPath: m_LocalEulerAnglesHint.y
      value: 0
      objectReference: {fileID: 0}
    - target: {fileID: 7689303685813853911, guid: 41a0170fcf2c2974db6b765546ae56d2, type: 3}
      propertyPath: m_LocalEulerAnglesHint.z
      value: 0
      objectReference: {fileID: 0}
    m_RemovedComponents: []
  m_SourcePrefab: {fileID: 100100000, guid: 41a0170fcf2c2974db6b765546ae56d2, type: 3}
--- !u!1001 &247715507
PrefabInstance:
  m_ObjectHideFlags: 0
  serializedVersion: 2
  m_Modification:
    m_TransformParent: {fileID: 0}
    m_Modifications:
    - target: {fileID: 3571509662219475677, guid: 5a0489845817d5c47afacd977346f705, type: 3}
      propertyPath: m_RootOrder
      value: 18
      objectReference: {fileID: 0}
    - target: {fileID: 3571509662219475677, guid: 5a0489845817d5c47afacd977346f705, type: 3}
      propertyPath: m_LocalPosition.x
      value: 5.4254203
      objectReference: {fileID: 0}
    - target: {fileID: 3571509662219475677, guid: 5a0489845817d5c47afacd977346f705, type: 3}
      propertyPath: m_LocalPosition.y
      value: 3.2778997
      objectReference: {fileID: 0}
    - target: {fileID: 3571509662219475677, guid: 5a0489845817d5c47afacd977346f705, type: 3}
      propertyPath: m_LocalPosition.z
      value: -132.48346
      objectReference: {fileID: 0}
    - target: {fileID: 3571509662219475677, guid: 5a0489845817d5c47afacd977346f705, type: 3}
      propertyPath: m_LocalRotation.w
      value: 1
      objectReference: {fileID: 0}
    - target: {fileID: 3571509662219475677, guid: 5a0489845817d5c47afacd977346f705, type: 3}
      propertyPath: m_LocalRotation.x
      value: 0
      objectReference: {fileID: 0}
    - target: {fileID: 3571509662219475677, guid: 5a0489845817d5c47afacd977346f705, type: 3}
      propertyPath: m_LocalRotation.y
      value: 0
      objectReference: {fileID: 0}
    - target: {fileID: 3571509662219475677, guid: 5a0489845817d5c47afacd977346f705, type: 3}
      propertyPath: m_LocalRotation.z
      value: 0
      objectReference: {fileID: 0}
    - target: {fileID: 3571509662219475677, guid: 5a0489845817d5c47afacd977346f705, type: 3}
      propertyPath: m_LocalEulerAnglesHint.x
      value: 0
      objectReference: {fileID: 0}
    - target: {fileID: 3571509662219475677, guid: 5a0489845817d5c47afacd977346f705, type: 3}
      propertyPath: m_LocalEulerAnglesHint.y
      value: 0
      objectReference: {fileID: 0}
    - target: {fileID: 3571509662219475677, guid: 5a0489845817d5c47afacd977346f705, type: 3}
      propertyPath: m_LocalEulerAnglesHint.z
      value: 0
      objectReference: {fileID: 0}
    - target: {fileID: 3571509662219475678, guid: 5a0489845817d5c47afacd977346f705, type: 3}
      propertyPath: Loop
      value: 1
      objectReference: {fileID: 0}
    - target: {fileID: 3571509662219475678, guid: 5a0489845817d5c47afacd977346f705, type: 3}
      propertyPath: m_audioClip
      value: 
      objectReference: {fileID: 8300000, guid: 47f45ef7b5767674393cc401fc325705, type: 3}
    - target: {fileID: 3571509662219475679, guid: 5a0489845817d5c47afacd977346f705, type: 3}
      propertyPath: m_Name
      value: BGM
      objectReference: {fileID: 0}
    m_RemovedComponents: []
  m_SourcePrefab: {fileID: 100100000, guid: 5a0489845817d5c47afacd977346f705, type: 3}
--- !u!1001 &303930433
PrefabInstance:
  m_ObjectHideFlags: 0
  serializedVersion: 2
  m_Modification:
    m_TransformParent: {fileID: 0}
    m_Modifications:
    - target: {fileID: 2072413000816940167, guid: 41a0170fcf2c2974db6b765546ae56d2, type: 3}
      propertyPath: m_Name
      value: ClearObject (1)
      objectReference: {fileID: 0}
    - target: {fileID: 7689303685813853911, guid: 41a0170fcf2c2974db6b765546ae56d2, type: 3}
      propertyPath: m_RootOrder
      value: 16
      objectReference: {fileID: 0}
    - target: {fileID: 7689303685813853911, guid: 41a0170fcf2c2974db6b765546ae56d2, type: 3}
      propertyPath: m_LocalPosition.x
      value: 0.9907975
      objectReference: {fileID: 0}
    - target: {fileID: 7689303685813853911, guid: 41a0170fcf2c2974db6b765546ae56d2, type: 3}
      propertyPath: m_LocalPosition.y
      value: -7.2
      objectReference: {fileID: 0}
    - target: {fileID: 7689303685813853911, guid: 41a0170fcf2c2974db6b765546ae56d2, type: 3}
      propertyPath: m_LocalPosition.z
      value: -2.2024875
      objectReference: {fileID: 0}
    - target: {fileID: 7689303685813853911, guid: 41a0170fcf2c2974db6b765546ae56d2, type: 3}
      propertyPath: m_LocalRotation.w
      value: 1
      objectReference: {fileID: 0}
    - target: {fileID: 7689303685813853911, guid: 41a0170fcf2c2974db6b765546ae56d2, type: 3}
      propertyPath: m_LocalRotation.x
      value: 0
      objectReference: {fileID: 0}
    - target: {fileID: 7689303685813853911, guid: 41a0170fcf2c2974db6b765546ae56d2, type: 3}
      propertyPath: m_LocalRotation.y
      value: 0
      objectReference: {fileID: 0}
    - target: {fileID: 7689303685813853911, guid: 41a0170fcf2c2974db6b765546ae56d2, type: 3}
      propertyPath: m_LocalRotation.z
      value: 0
      objectReference: {fileID: 0}
    - target: {fileID: 7689303685813853911, guid: 41a0170fcf2c2974db6b765546ae56d2, type: 3}
      propertyPath: m_LocalEulerAnglesHint.x
      value: 0
      objectReference: {fileID: 0}
    - target: {fileID: 7689303685813853911, guid: 41a0170fcf2c2974db6b765546ae56d2, type: 3}
      propertyPath: m_LocalEulerAnglesHint.y
      value: 0
      objectReference: {fileID: 0}
    - target: {fileID: 7689303685813853911, guid: 41a0170fcf2c2974db6b765546ae56d2, type: 3}
      propertyPath: m_LocalEulerAnglesHint.z
      value: 0
      objectReference: {fileID: 0}
    m_RemovedComponents: []
  m_SourcePrefab: {fileID: 100100000, guid: 41a0170fcf2c2974db6b765546ae56d2, type: 3}
--- !u!114 &374982091 stripped
MonoBehaviour:
  m_CorrespondingSourceObject: {fileID: 2012815283, guid: 89c26a532e5759249a4e51e64cd8232b, type: 3}
  m_PrefabInstance: {fileID: 1770942666}
  m_PrefabAsset: {fileID: 0}
  m_GameObject: {fileID: 0}
  m_Enabled: 1
  m_EditorHideFlags: 0
  m_Script: {fileID: 11500000, guid: 5b9d171c8af44d14cb07d0919088854b, type: 3}
  m_Name: 
  m_EditorClassIdentifier: 
--- !u!1001 &465253729
PrefabInstance:
  m_ObjectHideFlags: 0
  serializedVersion: 2
  m_Modification:
    m_TransformParent: {fileID: 0}
    m_Modifications:
    - target: {fileID: 8578593322248150656, guid: 98eac2a6d747af943aec087151b2d635, type: 3}
      propertyPath: m_Name
      value: SceneLoader
      objectReference: {fileID: 0}
    - target: {fileID: 8578593322248150662, guid: 98eac2a6d747af943aec087151b2d635, type: 3}
      propertyPath: player1
      value: 
      objectReference: {fileID: 1155176468}
    - target: {fileID: 8578593322248150662, guid: 98eac2a6d747af943aec087151b2d635, type: 3}
      propertyPath: player2
      value: 
      objectReference: {fileID: 2029305485}
    - target: {fileID: 8578593322248150662, guid: 98eac2a6d747af943aec087151b2d635, type: 3}
      propertyPath: portal1
      value: 
      objectReference: {fileID: 886966977}
    - target: {fileID: 8578593322248150662, guid: 98eac2a6d747af943aec087151b2d635, type: 3}
      propertyPath: portal2
      value: 
      objectReference: {fileID: 374982091}
    - target: {fileID: 8578593322248150662, guid: 98eac2a6d747af943aec087151b2d635, type: 3}
      propertyPath: sceneName
      value: Level3
      objectReference: {fileID: 0}
    - target: {fileID: 8578593322248150662, guid: 98eac2a6d747af943aec087151b2d635, type: 3}
      propertyPath: NextSceneName
      value: Level3
      objectReference: {fileID: 0}
    - target: {fileID: 8578593322248150662, guid: 98eac2a6d747af943aec087151b2d635, type: 3}
      propertyPath: CurrentSceneName
      value: Level2
      objectReference: {fileID: 0}
    - target: {fileID: 8578593322248150663, guid: 98eac2a6d747af943aec087151b2d635, type: 3}
      propertyPath: m_RootOrder
      value: 17
      objectReference: {fileID: 0}
    - target: {fileID: 8578593322248150663, guid: 98eac2a6d747af943aec087151b2d635, type: 3}
      propertyPath: m_LocalPosition.x
      value: 1.8809084
      objectReference: {fileID: 0}
    - target: {fileID: 8578593322248150663, guid: 98eac2a6d747af943aec087151b2d635, type: 3}
      propertyPath: m_LocalPosition.y
      value: 2.9633145
      objectReference: {fileID: 0}
    - target: {fileID: 8578593322248150663, guid: 98eac2a6d747af943aec087151b2d635, type: 3}
      propertyPath: m_LocalPosition.z
      value: -149.69511
      objectReference: {fileID: 0}
    - target: {fileID: 8578593322248150663, guid: 98eac2a6d747af943aec087151b2d635, type: 3}
      propertyPath: m_LocalRotation.w
      value: 1
      objectReference: {fileID: 0}
    - target: {fileID: 8578593322248150663, guid: 98eac2a6d747af943aec087151b2d635, type: 3}
      propertyPath: m_LocalRotation.x
      value: 0
      objectReference: {fileID: 0}
    - target: {fileID: 8578593322248150663, guid: 98eac2a6d747af943aec087151b2d635, type: 3}
      propertyPath: m_LocalRotation.y
      value: 0
      objectReference: {fileID: 0}
    - target: {fileID: 8578593322248150663, guid: 98eac2a6d747af943aec087151b2d635, type: 3}
      propertyPath: m_LocalRotation.z
      value: 0
      objectReference: {fileID: 0}
    - target: {fileID: 8578593322248150663, guid: 98eac2a6d747af943aec087151b2d635, type: 3}
      propertyPath: m_LocalEulerAnglesHint.x
      value: 0
      objectReference: {fileID: 0}
    - target: {fileID: 8578593322248150663, guid: 98eac2a6d747af943aec087151b2d635, type: 3}
      propertyPath: m_LocalEulerAnglesHint.y
      value: 0
      objectReference: {fileID: 0}
    - target: {fileID: 8578593322248150663, guid: 98eac2a6d747af943aec087151b2d635, type: 3}
      propertyPath: m_LocalEulerAnglesHint.z
      value: 0
      objectReference: {fileID: 0}
    m_RemovedComponents: []
  m_SourcePrefab: {fileID: 100100000, guid: 98eac2a6d747af943aec087151b2d635, type: 3}
--- !u!1001 &537525392
PrefabInstance:
  m_ObjectHideFlags: 0
  serializedVersion: 2
  m_Modification:
    m_TransformParent: {fileID: 0}
    m_Modifications:
    - target: {fileID: 8940747501558620739, guid: 5588d8ecc36eafa40b4e237560f83ec0, type: 3}
      propertyPath: m_Size.x
      value: 6.0988216
      objectReference: {fileID: 0}
    - target: {fileID: 8940747501558620739, guid: 5588d8ecc36eafa40b4e237560f83ec0, type: 3}
      propertyPath: m_Size.y
      value: 2.6134033
      objectReference: {fileID: 0}
    - target: {fileID: 8940747501558620739, guid: 5588d8ecc36eafa40b4e237560f83ec0, type: 3}
      propertyPath: m_Offset.x
      value: -11.414536
      objectReference: {fileID: 0}
    - target: {fileID: 8940747501558620739, guid: 5588d8ecc36eafa40b4e237560f83ec0, type: 3}
      propertyPath: m_Offset.y
      value: 3.9186134
      objectReference: {fileID: 0}
    - target: {fileID: 8940747501973644814, guid: 5588d8ecc36eafa40b4e237560f83ec0, type: 3}
      propertyPath: m_TagString
      value: FallingObject
      objectReference: {fileID: 0}
    - target: {fileID: 8940747502944066515, guid: 5588d8ecc36eafa40b4e237560f83ec0, type: 3}
      propertyPath: m_Size.x
      value: 4.7985
      objectReference: {fileID: 0}
    - target: {fileID: 8940747502944066515, guid: 5588d8ecc36eafa40b4e237560f83ec0, type: 3}
      propertyPath: m_Size.y
      value: 1.7733269
      objectReference: {fileID: 0}
    - target: {fileID: 8940747502944066515, guid: 5588d8ecc36eafa40b4e237560f83ec0, type: 3}
      propertyPath: m_Offset.x
      value: -11.954056
      objectReference: {fileID: 0}
    - target: {fileID: 8940747502944066515, guid: 5588d8ecc36eafa40b4e237560f83ec0, type: 3}
      propertyPath: m_Offset.y
      value: 3.5180721
      objectReference: {fileID: 0}
    - target: {fileID: 8940747503052262147, guid: 5588d8ecc36eafa40b4e237560f83ec0, type: 3}
      propertyPath: m_RootOrder
      value: 10
      objectReference: {fileID: 0}
    - target: {fileID: 8940747503052262147, guid: 5588d8ecc36eafa40b4e237560f83ec0, type: 3}
      propertyPath: m_LocalPosition.x
      value: -0.00030899048
      objectReference: {fileID: 0}
    - target: {fileID: 8940747503052262147, guid: 5588d8ecc36eafa40b4e237560f83ec0, type: 3}
      propertyPath: m_LocalPosition.y
      value: 15
      objectReference: {fileID: 0}
    - target: {fileID: 8940747503052262147, guid: 5588d8ecc36eafa40b4e237560f83ec0, type: 3}
      propertyPath: m_LocalPosition.z
      value: 0
      objectReference: {fileID: 0}
    - target: {fileID: 8940747503052262147, guid: 5588d8ecc36eafa40b4e237560f83ec0, type: 3}
      propertyPath: m_LocalRotation.w
      value: 1
      objectReference: {fileID: 0}
    - target: {fileID: 8940747503052262147, guid: 5588d8ecc36eafa40b4e237560f83ec0, type: 3}
      propertyPath: m_LocalRotation.x
      value: -0
      objectReference: {fileID: 0}
    - target: {fileID: 8940747503052262147, guid: 5588d8ecc36eafa40b4e237560f83ec0, type: 3}
      propertyPath: m_LocalRotation.y
      value: -0
      objectReference: {fileID: 0}
    - target: {fileID: 8940747503052262147, guid: 5588d8ecc36eafa40b4e237560f83ec0, type: 3}
      propertyPath: m_LocalRotation.z
      value: 0
      objectReference: {fileID: 0}
    - target: {fileID: 8940747503052262147, guid: 5588d8ecc36eafa40b4e237560f83ec0, type: 3}
      propertyPath: m_LocalEulerAnglesHint.x
      value: 0
      objectReference: {fileID: 0}
    - target: {fileID: 8940747503052262147, guid: 5588d8ecc36eafa40b4e237560f83ec0, type: 3}
      propertyPath: m_LocalEulerAnglesHint.y
      value: 0
      objectReference: {fileID: 0}
    - target: {fileID: 8940747503052262147, guid: 5588d8ecc36eafa40b4e237560f83ec0, type: 3}
      propertyPath: m_LocalEulerAnglesHint.z
      value: 0
      objectReference: {fileID: 0}
    - target: {fileID: 8940747503052262149, guid: 5588d8ecc36eafa40b4e237560f83ec0, type: 3}
      propertyPath: m_Name
      value: Map2
      objectReference: {fileID: 0}
    m_RemovedComponents: []
  m_SourcePrefab: {fileID: 100100000, guid: 5588d8ecc36eafa40b4e237560f83ec0, type: 3}
--- !u!1 &537525393 stripped
GameObject:
  m_CorrespondingSourceObject: {fileID: 8940747501973644814, guid: 5588d8ecc36eafa40b4e237560f83ec0, type: 3}
  m_PrefabInstance: {fileID: 537525392}
  m_PrefabAsset: {fileID: 0}
--- !u!50 &537525394 stripped
Rigidbody2D:
  m_CorrespondingSourceObject: {fileID: 8940747501973644810, guid: 5588d8ecc36eafa40b4e237560f83ec0, type: 3}
  m_PrefabInstance: {fileID: 537525392}
  m_PrefabAsset: {fileID: 0}
--- !u!114 &537525395
MonoBehaviour:
  m_ObjectHideFlags: 0
  m_CorrespondingSourceObject: {fileID: 0}
  m_PrefabInstance: {fileID: 0}
  m_PrefabAsset: {fileID: 0}
  m_GameObject: {fileID: 537525393}
  m_Enabled: 1
  m_EditorHideFlags: 0
  m_Script: {fileID: 11500000, guid: 70dc0f6bccd75f445b95eacc81c31499, type: 3}
  m_Name: 
  m_EditorClassIdentifier: 
--- !u!1001 &559008016
PrefabInstance:
  m_ObjectHideFlags: 0
  serializedVersion: 2
  m_Modification:
    m_TransformParent: {fileID: 0}
    m_Modifications:
    - target: {fileID: 6501007587522185426, guid: 1930e640bd6058944a792f3e5d1381e8, type: 3}
      propertyPath: speed
      value: 20
      objectReference: {fileID: 0}
    - target: {fileID: 6501007587522185427, guid: 1930e640bd6058944a792f3e5d1381e8, type: 3}
      propertyPath: m_LocalPosition.y
      value: 4.5
      objectReference: {fileID: 0}
    - target: {fileID: 6501007588243882684, guid: 1930e640bd6058944a792f3e5d1381e8, type: 3}
      propertyPath: m_Name
      value: MovingTrap
      objectReference: {fileID: 0}
    - target: {fileID: 6501007588243882687, guid: 1930e640bd6058944a792f3e5d1381e8, type: 3}
      propertyPath: m_RootOrder
      value: 13
      objectReference: {fileID: 0}
    - target: {fileID: 6501007588243882687, guid: 1930e640bd6058944a792f3e5d1381e8, type: 3}
      propertyPath: m_LocalPosition.x
      value: 2.22
      objectReference: {fileID: 0}
    - target: {fileID: 6501007588243882687, guid: 1930e640bd6058944a792f3e5d1381e8, type: 3}
      propertyPath: m_LocalPosition.y
      value: 12.12
      objectReference: {fileID: 0}
    - target: {fileID: 6501007588243882687, guid: 1930e640bd6058944a792f3e5d1381e8, type: 3}
      propertyPath: m_LocalPosition.z
      value: -1
      objectReference: {fileID: 0}
    - target: {fileID: 6501007588243882687, guid: 1930e640bd6058944a792f3e5d1381e8, type: 3}
      propertyPath: m_LocalRotation.w
      value: 1
      objectReference: {fileID: 0}
    - target: {fileID: 6501007588243882687, guid: 1930e640bd6058944a792f3e5d1381e8, type: 3}
      propertyPath: m_LocalRotation.x
      value: -0
      objectReference: {fileID: 0}
    - target: {fileID: 6501007588243882687, guid: 1930e640bd6058944a792f3e5d1381e8, type: 3}
      propertyPath: m_LocalRotation.y
      value: -0
      objectReference: {fileID: 0}
    - target: {fileID: 6501007588243882687, guid: 1930e640bd6058944a792f3e5d1381e8, type: 3}
      propertyPath: m_LocalRotation.z
      value: 0
      objectReference: {fileID: 0}
    - target: {fileID: 6501007588243882687, guid: 1930e640bd6058944a792f3e5d1381e8, type: 3}
      propertyPath: m_LocalEulerAnglesHint.x
      value: 0
      objectReference: {fileID: 0}
    - target: {fileID: 6501007588243882687, guid: 1930e640bd6058944a792f3e5d1381e8, type: 3}
      propertyPath: m_LocalEulerAnglesHint.y
      value: 0
      objectReference: {fileID: 0}
    - target: {fileID: 6501007588243882687, guid: 1930e640bd6058944a792f3e5d1381e8, type: 3}
      propertyPath: m_LocalEulerAnglesHint.z
      value: 0
      objectReference: {fileID: 0}
    m_RemovedComponents: []
  m_SourcePrefab: {fileID: 100100000, guid: 1930e640bd6058944a792f3e5d1381e8, type: 3}
--- !u!114 &886966977 stripped
MonoBehaviour:
  m_CorrespondingSourceObject: {fileID: 2012815283, guid: 89c26a532e5759249a4e51e64cd8232b, type: 3}
  m_PrefabInstance: {fileID: 1066173120}
  m_PrefabAsset: {fileID: 0}
  m_GameObject: {fileID: 0}
  m_Enabled: 1
  m_EditorHideFlags: 0
  m_Script: {fileID: 11500000, guid: 5b9d171c8af44d14cb07d0919088854b, type: 3}
  m_Name: 
  m_EditorClassIdentifier: 
--- !u!1001 &943869320
PrefabInstance:
  m_ObjectHideFlags: 0
  serializedVersion: 2
  m_Modification:
    m_TransformParent: {fileID: 0}
    m_Modifications:
    - target: {fileID: 639195912, guid: 44a29082d227b7648a5a8147780189ae, type: 3}
      propertyPath: speed
      value: 10
      objectReference: {fileID: 0}
    - target: {fileID: 1898441223315298304, guid: 44a29082d227b7648a5a8147780189ae, type: 3}
      propertyPath: m_RootOrder
      value: 0
      objectReference: {fileID: 0}
    - target: {fileID: 1898441223315298304, guid: 44a29082d227b7648a5a8147780189ae, type: 3}
      propertyPath: m_LocalPosition.x
      value: 0
      objectReference: {fileID: 0}
    - target: {fileID: 1898441223315298304, guid: 44a29082d227b7648a5a8147780189ae, type: 3}
      propertyPath: m_LocalPosition.y
      value: 15
      objectReference: {fileID: 0}
    - target: {fileID: 1898441223315298304, guid: 44a29082d227b7648a5a8147780189ae, type: 3}
      propertyPath: m_LocalPosition.z
      value: -10
      objectReference: {fileID: 0}
    - target: {fileID: 1898441223315298304, guid: 44a29082d227b7648a5a8147780189ae, type: 3}
      propertyPath: m_LocalRotation.w
      value: 1
      objectReference: {fileID: 0}
    - target: {fileID: 1898441223315298304, guid: 44a29082d227b7648a5a8147780189ae, type: 3}
      propertyPath: m_LocalRotation.x
      value: 0
      objectReference: {fileID: 0}
    - target: {fileID: 1898441223315298304, guid: 44a29082d227b7648a5a8147780189ae, type: 3}
      propertyPath: m_LocalRotation.y
      value: 0
      objectReference: {fileID: 0}
    - target: {fileID: 1898441223315298304, guid: 44a29082d227b7648a5a8147780189ae, type: 3}
      propertyPath: m_LocalRotation.z
      value: 0
      objectReference: {fileID: 0}
    - target: {fileID: 1898441223315298304, guid: 44a29082d227b7648a5a8147780189ae, type: 3}
      propertyPath: m_LocalEulerAnglesHint.x
      value: 0
      objectReference: {fileID: 0}
    - target: {fileID: 1898441223315298304, guid: 44a29082d227b7648a5a8147780189ae, type: 3}
      propertyPath: m_LocalEulerAnglesHint.y
      value: 0
      objectReference: {fileID: 0}
    - target: {fileID: 1898441223315298304, guid: 44a29082d227b7648a5a8147780189ae, type: 3}
      propertyPath: m_LocalEulerAnglesHint.z
      value: 0
      objectReference: {fileID: 0}
    - target: {fileID: 1898441223315298305, guid: 44a29082d227b7648a5a8147780189ae, type: 3}
      propertyPath: player
      value: 
      objectReference: {fileID: 1155176468}
    - target: {fileID: 1898441223315298305, guid: 44a29082d227b7648a5a8147780189ae, type: 3}
      propertyPath: playerParallel
      value: 
      objectReference: {fileID: 2029305485}
    - target: {fileID: 1898441223315298333, guid: 44a29082d227b7648a5a8147780189ae, type: 3}
      propertyPath: m_Name
      value: Main Camera
      objectReference: {fileID: 0}
    m_RemovedComponents: []
  m_SourcePrefab: {fileID: 100100000, guid: 44a29082d227b7648a5a8147780189ae, type: 3}
--- !u!1001 &1016434145
PrefabInstance:
  m_ObjectHideFlags: 0
  serializedVersion: 2
  m_Modification:
    m_TransformParent: {fileID: 0}
    m_Modifications:
    - target: {fileID: 5879906541445015889, guid: 9a0f77873f387eb449bff038f88018aa, type: 3}
      propertyPath: m_Name
      value: Outside Map Check
      objectReference: {fileID: 0}
    - target: {fileID: 5879906541445015891, guid: 9a0f77873f387eb449bff038f88018aa, type: 3}
      propertyPath: m_RootOrder
      value: 4
      objectReference: {fileID: 0}
    - target: {fileID: 5879906541445015891, guid: 9a0f77873f387eb449bff038f88018aa, type: 3}
      propertyPath: m_LocalPosition.x
      value: 3.9869728
      objectReference: {fileID: 0}
    - target: {fileID: 5879906541445015891, guid: 9a0f77873f387eb449bff038f88018aa, type: 3}
      propertyPath: m_LocalPosition.y
      value: -7.3
      objectReference: {fileID: 0}
    - target: {fileID: 5879906541445015891, guid: 9a0f77873f387eb449bff038f88018aa, type: 3}
      propertyPath: m_LocalPosition.z
      value: -3.5508468
      objectReference: {fileID: 0}
    - target: {fileID: 5879906541445015891, guid: 9a0f77873f387eb449bff038f88018aa, type: 3}
      propertyPath: m_LocalRotation.w
      value: 1
      objectReference: {fileID: 0}
    - target: {fileID: 5879906541445015891, guid: 9a0f77873f387eb449bff038f88018aa, type: 3}
      propertyPath: m_LocalRotation.x
      value: 0
      objectReference: {fileID: 0}
    - target: {fileID: 5879906541445015891, guid: 9a0f77873f387eb449bff038f88018aa, type: 3}
      propertyPath: m_LocalRotation.y
      value: 0
      objectReference: {fileID: 0}
    - target: {fileID: 5879906541445015891, guid: 9a0f77873f387eb449bff038f88018aa, type: 3}
      propertyPath: m_LocalRotation.z
      value: 0
      objectReference: {fileID: 0}
    - target: {fileID: 5879906541445015891, guid: 9a0f77873f387eb449bff038f88018aa, type: 3}
      propertyPath: m_LocalEulerAnglesHint.x
      value: 0
      objectReference: {fileID: 0}
    - target: {fileID: 5879906541445015891, guid: 9a0f77873f387eb449bff038f88018aa, type: 3}
      propertyPath: m_LocalEulerAnglesHint.y
      value: 0
      objectReference: {fileID: 0}
    - target: {fileID: 5879906541445015891, guid: 9a0f77873f387eb449bff038f88018aa, type: 3}
      propertyPath: m_LocalEulerAnglesHint.z
      value: 0
      objectReference: {fileID: 0}
    m_RemovedComponents: []
  m_SourcePrefab: {fileID: 100100000, guid: 9a0f77873f387eb449bff038f88018aa, type: 3}
--- !u!1001 &1066173120
PrefabInstance:
  m_ObjectHideFlags: 0
  serializedVersion: 2
  m_Modification:
    m_TransformParent: {fileID: 0}
    m_Modifications:
    - target: {fileID: 6906694863877526842, guid: 89c26a532e5759249a4e51e64cd8232b, type: 3}
      propertyPath: m_RootOrder
      value: 5
      objectReference: {fileID: 0}
    - target: {fileID: 6906694863877526842, guid: 89c26a532e5759249a4e51e64cd8232b, type: 3}
      propertyPath: m_LocalPosition.x
      value: 8.557669
      objectReference: {fileID: 0}
    - target: {fileID: 6906694863877526842, guid: 89c26a532e5759249a4e51e64cd8232b, type: 3}
      propertyPath: m_LocalPosition.y
      value: -2.6718826
      objectReference: {fileID: 0}
    - target: {fileID: 6906694863877526842, guid: 89c26a532e5759249a4e51e64cd8232b, type: 3}
      propertyPath: m_LocalPosition.z
      value: -1.14
      objectReference: {fileID: 0}
    - target: {fileID: 6906694863877526842, guid: 89c26a532e5759249a4e51e64cd8232b, type: 3}
      propertyPath: m_LocalRotation.w
      value: 0.9659258
      objectReference: {fileID: 0}
    - target: {fileID: 6906694863877526842, guid: 89c26a532e5759249a4e51e64cd8232b, type: 3}
      propertyPath: m_LocalRotation.x
      value: 0
      objectReference: {fileID: 0}
    - target: {fileID: 6906694863877526842, guid: 89c26a532e5759249a4e51e64cd8232b, type: 3}
      propertyPath: m_LocalRotation.y
      value: 0.2588191
      objectReference: {fileID: 0}
    - target: {fileID: 6906694863877526842, guid: 89c26a532e5759249a4e51e64cd8232b, type: 3}
      propertyPath: m_LocalRotation.z
      value: 0
      objectReference: {fileID: 0}
    - target: {fileID: 6906694863877526842, guid: 89c26a532e5759249a4e51e64cd8232b, type: 3}
      propertyPath: m_LocalEulerAnglesHint.x
      value: 0
      objectReference: {fileID: 0}
    - target: {fileID: 6906694863877526842, guid: 89c26a532e5759249a4e51e64cd8232b, type: 3}
      propertyPath: m_LocalEulerAnglesHint.y
      value: 30
      objectReference: {fileID: 0}
    - target: {fileID: 6906694863877526842, guid: 89c26a532e5759249a4e51e64cd8232b, type: 3}
      propertyPath: m_LocalEulerAnglesHint.z
      value: 0
      objectReference: {fileID: 0}
    - target: {fileID: 6906694863877526845, guid: 89c26a532e5759249a4e51e64cd8232b, type: 3}
      propertyPath: m_Name
      value: vfx_Portal
      objectReference: {fileID: 0}
    m_RemovedComponents: []
  m_SourcePrefab: {fileID: 100100000, guid: 89c26a532e5759249a4e51e64cd8232b, type: 3}
--- !u!1001 &1155176467
PrefabInstance:
  m_ObjectHideFlags: 0
  serializedVersion: 2
  m_Modification:
    m_TransformParent: {fileID: 0}
    m_Modifications:
    - target: {fileID: 8386488874155245688, guid: 9c77278f1b9bb114995041b9166b21af, type: 3}
      propertyPath: sceneName
      value: Level2
      objectReference: {fileID: 0}
    - target: {fileID: 8386488874155245692, guid: 9c77278f1b9bb114995041b9166b21af, type: 3}
      propertyPath: m_Name
      value: Player
      objectReference: {fileID: 0}
    - target: {fileID: 8386488874155245692, guid: 9c77278f1b9bb114995041b9166b21af, type: 3}
      propertyPath: m_IsActive
      value: 1
      objectReference: {fileID: 0}
    - target: {fileID: 8386488874155245693, guid: 9c77278f1b9bb114995041b9166b21af, type: 3}
      propertyPath: m_RootOrder
      value: 6
      objectReference: {fileID: 0}
    - target: {fileID: 8386488874155245693, guid: 9c77278f1b9bb114995041b9166b21af, type: 3}
      propertyPath: m_LocalPosition.x
      value: -6.1
      objectReference: {fileID: 0}
    - target: {fileID: 8386488874155245693, guid: 9c77278f1b9bb114995041b9166b21af, type: 3}
      propertyPath: m_LocalPosition.y
      value: -3.6
      objectReference: {fileID: 0}
    - target: {fileID: 8386488874155245693, guid: 9c77278f1b9bb114995041b9166b21af, type: 3}
      propertyPath: m_LocalPosition.z
      value: 0
      objectReference: {fileID: 0}
    - target: {fileID: 8386488874155245693, guid: 9c77278f1b9bb114995041b9166b21af, type: 3}
      propertyPath: m_LocalRotation.w
      value: 1
      objectReference: {fileID: 0}
    - target: {fileID: 8386488874155245693, guid: 9c77278f1b9bb114995041b9166b21af, type: 3}
      propertyPath: m_LocalRotation.x
      value: 0
      objectReference: {fileID: 0}
    - target: {fileID: 8386488874155245693, guid: 9c77278f1b9bb114995041b9166b21af, type: 3}
      propertyPath: m_LocalRotation.y
      value: 0
      objectReference: {fileID: 0}
    - target: {fileID: 8386488874155245693, guid: 9c77278f1b9bb114995041b9166b21af, type: 3}
      propertyPath: m_LocalRotation.z
      value: 0
      objectReference: {fileID: 0}
    - target: {fileID: 8386488874155245693, guid: 9c77278f1b9bb114995041b9166b21af, type: 3}
      propertyPath: m_LocalEulerAnglesHint.x
      value: 0
      objectReference: {fileID: 0}
    - target: {fileID: 8386488874155245693, guid: 9c77278f1b9bb114995041b9166b21af, type: 3}
      propertyPath: m_LocalEulerAnglesHint.y
      value: 0
      objectReference: {fileID: 0}
    - target: {fileID: 8386488874155245693, guid: 9c77278f1b9bb114995041b9166b21af, type: 3}
      propertyPath: m_LocalEulerAnglesHint.z
      value: 0
      objectReference: {fileID: 0}
    m_RemovedComponents: []
  m_SourcePrefab: {fileID: 100100000, guid: 9c77278f1b9bb114995041b9166b21af, type: 3}
--- !u!1 &1155176468 stripped
GameObject:
  m_CorrespondingSourceObject: {fileID: 8386488874155245692, guid: 9c77278f1b9bb114995041b9166b21af, type: 3}
  m_PrefabInstance: {fileID: 1155176467}
  m_PrefabAsset: {fileID: 0}
--- !u!1001 &1202465927
PrefabInstance:
  m_ObjectHideFlags: 0
  serializedVersion: 2
  m_Modification:
    m_TransformParent: {fileID: 0}
    m_Modifications:
    - target: {fileID: 3295840112398381264, guid: aea581d433b34724880395b33a837377, type: 3}
      propertyPath: m_RootOrder
      value: 20
      objectReference: {fileID: 0}
    - target: {fileID: 3295840112398381264, guid: aea581d433b34724880395b33a837377, type: 3}
      propertyPath: m_LocalPosition.x
      value: 0
      objectReference: {fileID: 0}
    - target: {fileID: 3295840112398381264, guid: aea581d433b34724880395b33a837377, type: 3}
      propertyPath: m_LocalPosition.y
      value: 0
      objectReference: {fileID: 0}
    - target: {fileID: 3295840112398381264, guid: aea581d433b34724880395b33a837377, type: 3}
      propertyPath: m_LocalPosition.z
      value: 0
      objectReference: {fileID: 0}
    - target: {fileID: 3295840112398381264, guid: aea581d433b34724880395b33a837377, type: 3}
      propertyPath: m_LocalRotation.w
      value: 1
      objectReference: {fileID: 0}
    - target: {fileID: 3295840112398381264, guid: aea581d433b34724880395b33a837377, type: 3}
      propertyPath: m_LocalRotation.x
      value: 0
      objectReference: {fileID: 0}
    - target: {fileID: 3295840112398381264, guid: aea581d433b34724880395b33a837377, type: 3}
      propertyPath: m_LocalRotation.y
      value: 0
      objectReference: {fileID: 0}
    - target: {fileID: 3295840112398381264, guid: aea581d433b34724880395b33a837377, type: 3}
      propertyPath: m_LocalRotation.z
      value: 0
      objectReference: {fileID: 0}
    - target: {fileID: 3295840112398381264, guid: aea581d433b34724880395b33a837377, type: 3}
      propertyPath: m_LocalEulerAnglesHint.x
      value: 0
      objectReference: {fileID: 0}
    - target: {fileID: 3295840112398381264, guid: aea581d433b34724880395b33a837377, type: 3}
      propertyPath: m_LocalEulerAnglesHint.y
      value: 0
      objectReference: {fileID: 0}
    - target: {fileID: 3295840112398381264, guid: aea581d433b34724880395b33a837377, type: 3}
      propertyPath: m_LocalEulerAnglesHint.z
      value: 0
      objectReference: {fileID: 0}
    - target: {fileID: 3295840112398381279, guid: aea581d433b34724880395b33a837377, type: 3}
      propertyPath: m_Name
      value: EventSystem
      objectReference: {fileID: 0}
    m_RemovedComponents: []
  m_SourcePrefab: {fileID: 100100000, guid: aea581d433b34724880395b33a837377, type: 3}
--- !u!1001 &1300222232
PrefabInstance:
  m_ObjectHideFlags: 0
  serializedVersion: 2
  m_Modification:
    m_TransformParent: {fileID: 0}
    m_Modifications:
    - target: {fileID: 747379199227992248, guid: 6ea73435aaad786478d862737994fd23, type: 3}
      propertyPath: m_RootOrder
      value: 14
      objectReference: {fileID: 0}
    - target: {fileID: 747379199227992248, guid: 6ea73435aaad786478d862737994fd23, type: 3}
      propertyPath: m_LocalPosition.x
      value: -1.7259386
      objectReference: {fileID: 0}
    - target: {fileID: 747379199227992248, guid: 6ea73435aaad786478d862737994fd23, type: 3}
      propertyPath: m_LocalPosition.y
      value: 17.793364
      objectReference: {fileID: 0}
    - target: {fileID: 747379199227992248, guid: 6ea73435aaad786478d862737994fd23, type: 3}
      propertyPath: m_LocalPosition.z
      value: -1
      objectReference: {fileID: 0}
    - target: {fileID: 747379199227992248, guid: 6ea73435aaad786478d862737994fd23, type: 3}
      propertyPath: m_LocalRotation.w
      value: 1
      objectReference: {fileID: 0}
    - target: {fileID: 747379199227992248, guid: 6ea73435aaad786478d862737994fd23, type: 3}
      propertyPath: m_LocalRotation.x
      value: 0
      objectReference: {fileID: 0}
    - target: {fileID: 747379199227992248, guid: 6ea73435aaad786478d862737994fd23, type: 3}
      propertyPath: m_LocalRotation.y
      value: 0
      objectReference: {fileID: 0}
    - target: {fileID: 747379199227992248, guid: 6ea73435aaad786478d862737994fd23, type: 3}
      propertyPath: m_LocalRotation.z
      value: 0
      objectReference: {fileID: 0}
    - target: {fileID: 747379199227992248, guid: 6ea73435aaad786478d862737994fd23, type: 3}
      propertyPath: m_LocalEulerAnglesHint.x
      value: 0
      objectReference: {fileID: 0}
    - target: {fileID: 747379199227992248, guid: 6ea73435aaad786478d862737994fd23, type: 3}
      propertyPath: m_LocalEulerAnglesHint.y
      value: 0
      objectReference: {fileID: 0}
    - target: {fileID: 747379199227992248, guid: 6ea73435aaad786478d862737994fd23, type: 3}
      propertyPath: m_LocalEulerAnglesHint.z
      value: 0
      objectReference: {fileID: 0}
    - target: {fileID: 747379199227992249, guid: 6ea73435aaad786478d862737994fd23, type: 3}
      propertyPath: m_Name
      value: Moving Platform
      objectReference: {fileID: 0}
    - target: {fileID: 747379199986700827, guid: 6ea73435aaad786478d862737994fd23, type: 3}
      propertyPath: m_Icon
      value: 
      objectReference: {fileID: 7174288486110832750, guid: 0000000000000000d000000000000000, type: 0}
    - target: {fileID: 747379199986700829, guid: 6ea73435aaad786478d862737994fd23, type: 3}
      propertyPath: m_LocalPosition.x
      value: -0.04
      objectReference: {fileID: 0}
    - target: {fileID: 747379200981999706, guid: 6ea73435aaad786478d862737994fd23, type: 3}
      propertyPath: m_Icon
      value: 
      objectReference: {fileID: 7174288486110832750, guid: 0000000000000000d000000000000000, type: 0}
    - target: {fileID: 747379200981999708, guid: 6ea73435aaad786478d862737994fd23, type: 3}
      propertyPath: m_LocalPosition.x
      value: -0.04
      objectReference: {fileID: 0}
    - target: {fileID: 747379200981999708, guid: 6ea73435aaad786478d862737994fd23, type: 3}
      propertyPath: m_LocalPosition.y
      value: -6.05
      objectReference: {fileID: 0}
    - target: {fileID: 747379201301141018, guid: 6ea73435aaad786478d862737994fd23, type: 3}
      propertyPath: m_SortingLayer
      value: 4
      objectReference: {fileID: 0}
    - target: {fileID: 747379201301141018, guid: 6ea73435aaad786478d862737994fd23, type: 3}
      propertyPath: m_SortingLayerID
      value: -591404995
      objectReference: {fileID: 0}
    m_RemovedComponents: []
  m_SourcePrefab: {fileID: 100100000, guid: 6ea73435aaad786478d862737994fd23, type: 3}
--- !u!114 &1300790032 stripped
MonoBehaviour:
  m_CorrespondingSourceObject: {fileID: 1898441223315298305, guid: 44a29082d227b7648a5a8147780189ae, type: 3}
  m_PrefabInstance: {fileID: 943869320}
  m_PrefabAsset: {fileID: 0}
  m_GameObject: {fileID: 0}
  m_Enabled: 1
  m_EditorHideFlags: 0
  m_Script: {fileID: 11500000, guid: 3b3f381488af7b543844917fa3e37f09, type: 3}
  m_Name: 
  m_EditorClassIdentifier: 
--- !u!1001 &1330388441
PrefabInstance:
  m_ObjectHideFlags: 0
  serializedVersion: 2
  m_Modification:
    m_TransformParent: {fileID: 0}
    m_Modifications:
    - target: {fileID: 5661153107834504957, guid: ce456570c3fdf4b49a42565b543dcd5c, type: 3}
      propertyPath: m_RootOrder
      value: 7
      objectReference: {fileID: 0}
    - target: {fileID: 5661153107834504957, guid: ce456570c3fdf4b49a42565b543dcd5c, type: 3}
      propertyPath: m_LocalPosition.x
      value: -6.1
      objectReference: {fileID: 0}
    - target: {fileID: 5661153107834504957, guid: ce456570c3fdf4b49a42565b543dcd5c, type: 3}
      propertyPath: m_LocalPosition.y
      value: -3
      objectReference: {fileID: 0}
    - target: {fileID: 5661153107834504957, guid: ce456570c3fdf4b49a42565b543dcd5c, type: 3}
      propertyPath: m_LocalPosition.z
      value: -7.0890684
      objectReference: {fileID: 0}
    - target: {fileID: 5661153107834504957, guid: ce456570c3fdf4b49a42565b543dcd5c, type: 3}
      propertyPath: m_LocalRotation.w
      value: 1
      objectReference: {fileID: 0}
    - target: {fileID: 5661153107834504957, guid: ce456570c3fdf4b49a42565b543dcd5c, type: 3}
      propertyPath: m_LocalRotation.x
      value: 0
      objectReference: {fileID: 0}
    - target: {fileID: 5661153107834504957, guid: ce456570c3fdf4b49a42565b543dcd5c, type: 3}
      propertyPath: m_LocalRotation.y
      value: 0
      objectReference: {fileID: 0}
    - target: {fileID: 5661153107834504957, guid: ce456570c3fdf4b49a42565b543dcd5c, type: 3}
      propertyPath: m_LocalRotation.z
      value: 0
      objectReference: {fileID: 0}
    - target: {fileID: 5661153107834504957, guid: ce456570c3fdf4b49a42565b543dcd5c, type: 3}
      propertyPath: m_LocalEulerAnglesHint.x
      value: 0
      objectReference: {fileID: 0}
    - target: {fileID: 5661153107834504957, guid: ce456570c3fdf4b49a42565b543dcd5c, type: 3}
      propertyPath: m_LocalEulerAnglesHint.y
      value: 0
      objectReference: {fileID: 0}
    - target: {fileID: 5661153107834504957, guid: ce456570c3fdf4b49a42565b543dcd5c, type: 3}
      propertyPath: m_LocalEulerAnglesHint.z
      value: 0
      objectReference: {fileID: 0}
    - target: {fileID: 5661153107834504958, guid: ce456570c3fdf4b49a42565b543dcd5c, type: 3}
      propertyPath: player
      value: 
      objectReference: {fileID: 1155176468}
    - target: {fileID: 5661153107834504959, guid: ce456570c3fdf4b49a42565b543dcd5c, type: 3}
      propertyPath: m_Name
      value: Spawn
      objectReference: {fileID: 0}
    m_RemovedComponents: []
  m_SourcePrefab: {fileID: 100100000, guid: ce456570c3fdf4b49a42565b543dcd5c, type: 3}
--- !u!1001 &1391106434
PrefabInstance:
  m_ObjectHideFlags: 0
  serializedVersion: 2
  m_Modification:
    m_TransformParent: {fileID: 0}
    m_Modifications:
    - target: {fileID: 5228572993859707857, guid: 396f061e171d99941b1bb6bfefbb0b3e, type: 3}
      propertyPath: m_RootOrder
      value: 8
      objectReference: {fileID: 0}
    - target: {fileID: 5228572993859707857, guid: 396f061e171d99941b1bb6bfefbb0b3e, type: 3}
      propertyPath: m_LocalPosition.x
      value: 0
      objectReference: {fileID: 0}
    - target: {fileID: 5228572993859707857, guid: 396f061e171d99941b1bb6bfefbb0b3e, type: 3}
      propertyPath: m_LocalPosition.y
      value: 0
      objectReference: {fileID: 0}
    - target: {fileID: 5228572993859707857, guid: 396f061e171d99941b1bb6bfefbb0b3e, type: 3}
      propertyPath: m_LocalPosition.z
      value: 0
      objectReference: {fileID: 0}
    - target: {fileID: 5228572993859707857, guid: 396f061e171d99941b1bb6bfefbb0b3e, type: 3}
      propertyPath: m_LocalRotation.w
      value: 1
      objectReference: {fileID: 0}
    - target: {fileID: 5228572993859707857, guid: 396f061e171d99941b1bb6bfefbb0b3e, type: 3}
      propertyPath: m_LocalRotation.x
      value: 0
      objectReference: {fileID: 0}
    - target: {fileID: 5228572993859707857, guid: 396f061e171d99941b1bb6bfefbb0b3e, type: 3}
      propertyPath: m_LocalRotation.y
      value: 0
      objectReference: {fileID: 0}
    - target: {fileID: 5228572993859707857, guid: 396f061e171d99941b1bb6bfefbb0b3e, type: 3}
      propertyPath: m_LocalRotation.z
      value: 0
      objectReference: {fileID: 0}
    - target: {fileID: 5228572993859707857, guid: 396f061e171d99941b1bb6bfefbb0b3e, type: 3}
      propertyPath: m_LocalEulerAnglesHint.x
      value: 0
      objectReference: {fileID: 0}
    - target: {fileID: 5228572993859707857, guid: 396f061e171d99941b1bb6bfefbb0b3e, type: 3}
      propertyPath: m_LocalEulerAnglesHint.y
      value: 0
      objectReference: {fileID: 0}
    - target: {fileID: 5228572993859707857, guid: 396f061e171d99941b1bb6bfefbb0b3e, type: 3}
      propertyPath: m_LocalEulerAnglesHint.z
      value: 0
      objectReference: {fileID: 0}
    - target: {fileID: 5228572993859707859, guid: 396f061e171d99941b1bb6bfefbb0b3e, type: 3}
      propertyPath: m_Name
      value: Map1
      objectReference: {fileID: 0}
    - target: {fileID: 5228572994920761880, guid: 396f061e171d99941b1bb6bfefbb0b3e, type: 3}
      propertyPath: m_IsActive
      value: 1
      objectReference: {fileID: 0}
    - target: {fileID: 5228572994920761884, guid: 396f061e171d99941b1bb6bfefbb0b3e, type: 3}
      propertyPath: m_ColliderPaths.Array.size
      value: 1
      objectReference: {fileID: 0}
    - target: {fileID: 5228572994920761884, guid: 396f061e171d99941b1bb6bfefbb0b3e, type: 3}
      propertyPath: m_CompositePaths.m_Paths.Array.data[0].Array.size
      value: 8
      objectReference: {fileID: 0}
    - target: {fileID: 5228572994920761884, guid: 396f061e171d99941b1bb6bfefbb0b3e, type: 3}
      propertyPath: m_CompositePaths.m_Paths.Array.data[1].Array.size
      value: 26
      objectReference: {fileID: 0}
    - target: {fileID: 5228572994920761884, guid: 396f061e171d99941b1bb6bfefbb0b3e, type: 3}
      propertyPath: m_CompositePaths.m_Paths.Array.data[0].Array.data[0].x
      value: -7.0000296
      objectReference: {fileID: 0}
    - target: {fileID: 5228572994920761884, guid: 396f061e171d99941b1bb6bfefbb0b3e, type: 3}
      propertyPath: m_CompositePaths.m_Paths.Array.data[0].Array.data[0].y
      value: 2.5
      objectReference: {fileID: 0}
    - target: {fileID: 5228572994920761884, guid: 396f061e171d99941b1bb6bfefbb0b3e, type: 3}
      propertyPath: m_CompositePaths.m_Paths.Array.data[0].Array.data[1].x
      value: -7.0000296
      objectReference: {fileID: 0}
    - target: {fileID: 5228572994920761884, guid: 396f061e171d99941b1bb6bfefbb0b3e, type: 3}
      propertyPath: m_CompositePaths.m_Paths.Array.data[0].Array.data[1].y
      value: 3.5
      objectReference: {fileID: 0}
    - target: {fileID: 5228572994920761884, guid: 396f061e171d99941b1bb6bfefbb0b3e, type: 3}
      propertyPath: m_CompositePaths.m_Paths.Array.data[0].Array.data[2].x
      value: -7.5
      objectReference: {fileID: 0}
    - target: {fileID: 5228572994920761884, guid: 396f061e171d99941b1bb6bfefbb0b3e, type: 3}
      propertyPath: m_CompositePaths.m_Paths.Array.data[0].Array.data[2].y
      value: 3.5000296
      objectReference: {fileID: 0}
    - target: {fileID: 5228572994920761884, guid: 396f061e171d99941b1bb6bfefbb0b3e, type: 3}
      propertyPath: m_CompositePaths.m_Paths.Array.data[0].Array.data[3].x
      value: -7.5000296
      objectReference: {fileID: 0}
    - target: {fileID: 5228572994920761884, guid: 396f061e171d99941b1bb6bfefbb0b3e, type: 3}
      propertyPath: m_CompositePaths.m_Paths.Array.data[0].Array.data[3].y
      value: 4
      objectReference: {fileID: 0}
    - target: {fileID: 5228572994920761884, guid: 396f061e171d99941b1bb6bfefbb0b3e, type: 3}
      propertyPath: m_CompositePaths.m_Paths.Array.data[0].Array.data[4].x
      value: -8
      objectReference: {fileID: 0}
    - target: {fileID: 5228572994920761884, guid: 396f061e171d99941b1bb6bfefbb0b3e, type: 3}
      propertyPath: m_CompositePaths.m_Paths.Array.data[0].Array.data[4].y
      value: 4.0000296
      objectReference: {fileID: 0}
    - target: {fileID: 5228572994920761884, guid: 396f061e171d99941b1bb6bfefbb0b3e, type: 3}
      propertyPath: m_CompositePaths.m_Paths.Array.data[0].Array.data[5].x
      value: -8.00003
      objectReference: {fileID: 0}
    - target: {fileID: 5228572994920761884, guid: 396f061e171d99941b1bb6bfefbb0b3e, type: 3}
      propertyPath: m_CompositePaths.m_Paths.Array.data[0].Array.data[5].y
      value: 4.5
      objectReference: {fileID: 0}
    - target: {fileID: 5228572994920761884, guid: 396f061e171d99941b1bb6bfefbb0b3e, type: 3}
      propertyPath: m_CompositePaths.m_Paths.Array.data[0].Array.data[6].x
      value: -9
      objectReference: {fileID: 0}
    - target: {fileID: 5228572994920761884, guid: 396f061e171d99941b1bb6bfefbb0b3e, type: 3}
      propertyPath: m_CompositePaths.m_Paths.Array.data[0].Array.data[6].y
      value: 4.499971
      objectReference: {fileID: 0}
    - target: {fileID: 5228572994920761884, guid: 396f061e171d99941b1bb6bfefbb0b3e, type: 3}
      propertyPath: m_CompositePaths.m_Paths.Array.data[0].Array.data[7].x
      value: -8.99997
      objectReference: {fileID: 0}
    - target: {fileID: 5228572994920761884, guid: 396f061e171d99941b1bb6bfefbb0b3e, type: 3}
      propertyPath: m_CompositePaths.m_Paths.Array.data[0].Array.data[7].y
      value: 2.5
      objectReference: {fileID: 0}
    - target: {fileID: 5228572994920761884, guid: 396f061e171d99941b1bb6bfefbb0b3e, type: 3}
      propertyPath: m_CompositePaths.m_Paths.Array.data[0].Array.data[8].x
      value: -2
      objectReference: {fileID: 0}
    - target: {fileID: 5228572994920761884, guid: 396f061e171d99941b1bb6bfefbb0b3e, type: 3}
      propertyPath: m_CompositePaths.m_Paths.Array.data[0].Array.data[8].y
      value: -3.4999704
      objectReference: {fileID: 0}
    - target: {fileID: 5228572994920761884, guid: 396f061e171d99941b1bb6bfefbb0b3e, type: 3}
      propertyPath: m_CompositePaths.m_Paths.Array.data[0].Array.data[9].x
      value: -1.9999707
      objectReference: {fileID: 0}
    - target: {fileID: 5228572994920761884, guid: 396f061e171d99941b1bb6bfefbb0b3e, type: 3}
      propertyPath: m_CompositePaths.m_Paths.Array.data[0].Array.data[9].y
      value: 1
      objectReference: {fileID: 0}
    - target: {fileID: 5228572994920761884, guid: 396f061e171d99941b1bb6bfefbb0b3e, type: 3}
      propertyPath: m_CompositePaths.m_Paths.Array.data[1].Array.data[0].x
      value: 1.4999707
      objectReference: {fileID: 0}
    - target: {fileID: 5228572994920761884, guid: 396f061e171d99941b1bb6bfefbb0b3e, type: 3}
      propertyPath: m_CompositePaths.m_Paths.Array.data[1].Array.data[0].y
      value: -5
      objectReference: {fileID: 0}
    - target: {fileID: 5228572994920761884, guid: 396f061e171d99941b1bb6bfefbb0b3e, type: 3}
      propertyPath: m_CompositePaths.m_Paths.Array.data[1].Array.data[1].x
      value: 1.5000294
      objectReference: {fileID: 0}
    - target: {fileID: 5228572994920761884, guid: 396f061e171d99941b1bb6bfefbb0b3e, type: 3}
      propertyPath: m_CompositePaths.m_Paths.Array.data[1].Array.data[1].y
      value: -4
      objectReference: {fileID: 0}
    - target: {fileID: 5228572994920761884, guid: 396f061e171d99941b1bb6bfefbb0b3e, type: 3}
      propertyPath: m_CompositePaths.m_Paths.Array.data[1].Array.data[2].x
      value: 2
      objectReference: {fileID: 0}
    - target: {fileID: 5228572994920761884, guid: 396f061e171d99941b1bb6bfefbb0b3e, type: 3}
      propertyPath: m_CompositePaths.m_Paths.Array.data[1].Array.data[2].y
      value: -3.999971
      objectReference: {fileID: 0}
    - target: {fileID: 5228572994920761884, guid: 396f061e171d99941b1bb6bfefbb0b3e, type: 3}
      propertyPath: m_CompositePaths.m_Paths.Array.data[1].Array.data[3].x
      value: 1.9999708
      objectReference: {fileID: 0}
    - target: {fileID: 5228572994920761884, guid: 396f061e171d99941b1bb6bfefbb0b3e, type: 3}
      propertyPath: m_CompositePaths.m_Paths.Array.data[1].Array.data[3].y
      value: -3.5
      objectReference: {fileID: 0}
    - target: {fileID: 5228572994920761884, guid: 396f061e171d99941b1bb6bfefbb0b3e, type: 3}
      propertyPath: m_CompositePaths.m_Paths.Array.data[2].Array.data[0].x
      value: 6.9999704
      objectReference: {fileID: 0}
    - target: {fileID: 5228572994920761884, guid: 396f061e171d99941b1bb6bfefbb0b3e, type: 3}
      propertyPath: m_CompositePaths.m_Paths.Array.data[2].Array.data[0].y
      value: 1
      objectReference: {fileID: 0}
    - target: {fileID: 5228572994920761884, guid: 396f061e171d99941b1bb6bfefbb0b3e, type: 3}
      propertyPath: m_CompositePaths.m_Paths.Array.data[2].Array.data[1].x
      value: 6.9999704
      objectReference: {fileID: 0}
    - target: {fileID: 5228572994920761884, guid: 396f061e171d99941b1bb6bfefbb0b3e, type: 3}
      propertyPath: m_CompositePaths.m_Paths.Array.data[2].Array.data[1].y
      value: 2.5
      objectReference: {fileID: 0}
    - target: {fileID: 5228572994920761884, guid: 396f061e171d99941b1bb6bfefbb0b3e, type: 3}
      propertyPath: m_CompositePaths.m_Paths.Array.data[3].Array.data[0].y
      value: -1.9999707
      objectReference: {fileID: 0}
    - target: {fileID: 5228572994920761884, guid: 396f061e171d99941b1bb6bfefbb0b3e, type: 3}
      propertyPath: m_CompositePaths.m_Paths.Array.data[3].Array.data[1].y
      value: -1.9999707
      objectReference: {fileID: 0}
    - target: {fileID: 5228572994920761884, guid: 396f061e171d99941b1bb6bfefbb0b3e, type: 3}
      propertyPath: m_CompositePaths.m_Paths.Array.data[0].Array.data[10].x
      value: -1.5
      objectReference: {fileID: 0}
    - target: {fileID: 5228572994920761884, guid: 396f061e171d99941b1bb6bfefbb0b3e, type: 3}
      propertyPath: m_CompositePaths.m_Paths.Array.data[0].Array.data[10].y
      value: 1.0000293
      objectReference: {fileID: 0}
    - target: {fileID: 5228572994920761884, guid: 396f061e171d99941b1bb6bfefbb0b3e, type: 3}
      propertyPath: m_CompositePaths.m_Paths.Array.data[0].Array.data[11].x
      value: -1.5000293
      objectReference: {fileID: 0}
    - target: {fileID: 5228572994920761884, guid: 396f061e171d99941b1bb6bfefbb0b3e, type: 3}
      propertyPath: m_CompositePaths.m_Paths.Array.data[0].Array.data[11].y
      value: 1.5
      objectReference: {fileID: 0}
    - target: {fileID: 5228572994920761884, guid: 396f061e171d99941b1bb6bfefbb0b3e, type: 3}
      propertyPath: m_CompositePaths.m_Paths.Array.data[0].Array.data[12].x
      value: -3
      objectReference: {fileID: 0}
    - target: {fileID: 5228572994920761884, guid: 396f061e171d99941b1bb6bfefbb0b3e, type: 3}
      propertyPath: m_CompositePaths.m_Paths.Array.data[0].Array.data[12].y
      value: 1.4999707
      objectReference: {fileID: 0}
    - target: {fileID: 5228572994920761884, guid: 396f061e171d99941b1bb6bfefbb0b3e, type: 3}
      propertyPath: m_CompositePaths.m_Paths.Array.data[0].Array.data[13].x
      value: -3.0000293
      objectReference: {fileID: 0}
    - target: {fileID: 5228572994920761884, guid: 396f061e171d99941b1bb6bfefbb0b3e, type: 3}
      propertyPath: m_CompositePaths.m_Paths.Array.data[0].Array.data[13].y
      value: 1
      objectReference: {fileID: 0}
    - target: {fileID: 5228572994920761884, guid: 396f061e171d99941b1bb6bfefbb0b3e, type: 3}
      propertyPath: m_CompositePaths.m_Paths.Array.data[0].Array.data[14].x
      value: -3.5
      objectReference: {fileID: 0}
    - target: {fileID: 5228572994920761884, guid: 396f061e171d99941b1bb6bfefbb0b3e, type: 3}
      propertyPath: m_CompositePaths.m_Paths.Array.data[0].Array.data[14].y
      value: 1.0000294
      objectReference: {fileID: 0}
    - target: {fileID: 5228572994920761884, guid: 396f061e171d99941b1bb6bfefbb0b3e, type: 3}
      propertyPath: m_CompositePaths.m_Paths.Array.data[0].Array.data[15].x
      value: -3.4999704
      objectReference: {fileID: 0}
    - target: {fileID: 5228572994920761884, guid: 396f061e171d99941b1bb6bfefbb0b3e, type: 3}
      propertyPath: m_CompositePaths.m_Paths.Array.data[0].Array.data[15].y
      value: 2.5
      objectReference: {fileID: 0}
    - target: {fileID: 5228572994920761884, guid: 396f061e171d99941b1bb6bfefbb0b3e, type: 3}
      propertyPath: m_CompositePaths.m_Paths.Array.data[0].Array.data[16].x
      value: -3
      objectReference: {fileID: 0}
    - target: {fileID: 5228572994920761884, guid: 396f061e171d99941b1bb6bfefbb0b3e, type: 3}
      propertyPath: m_CompositePaths.m_Paths.Array.data[0].Array.data[16].y
      value: 2.5000293
      objectReference: {fileID: 0}
    - target: {fileID: 5228572994920761884, guid: 396f061e171d99941b1bb6bfefbb0b3e, type: 3}
      propertyPath: m_CompositePaths.m_Paths.Array.data[0].Array.data[17].x
      value: -3.0000293
      objectReference: {fileID: 0}
    - target: {fileID: 5228572994920761884, guid: 396f061e171d99941b1bb6bfefbb0b3e, type: 3}
      propertyPath: m_CompositePaths.m_Paths.Array.data[0].Array.data[17].y
      value: 3
      objectReference: {fileID: 0}
    - target: {fileID: 5228572994920761884, guid: 396f061e171d99941b1bb6bfefbb0b3e, type: 3}
      propertyPath: m_CompositePaths.m_Paths.Array.data[0].Array.data[18].x
      value: -4.5
      objectReference: {fileID: 0}
    - target: {fileID: 5228572994920761884, guid: 396f061e171d99941b1bb6bfefbb0b3e, type: 3}
      propertyPath: m_CompositePaths.m_Paths.Array.data[0].Array.data[18].y
      value: 2.999971
      objectReference: {fileID: 0}
    - target: {fileID: 5228572994920761884, guid: 396f061e171d99941b1bb6bfefbb0b3e, type: 3}
      propertyPath: m_CompositePaths.m_Paths.Array.data[0].Array.data[19].x
      value: -4.499971
      objectReference: {fileID: 0}
    - target: {fileID: 5228572994920761884, guid: 396f061e171d99941b1bb6bfefbb0b3e, type: 3}
      propertyPath: m_CompositePaths.m_Paths.Array.data[0].Array.data[19].y
      value: 2.5
      objectReference: {fileID: 0}
    - target: {fileID: 5228572994920761884, guid: 396f061e171d99941b1bb6bfefbb0b3e, type: 3}
      propertyPath: m_CompositePaths.m_Paths.Array.data[0].Array.data[20].x
      value: -4
      objectReference: {fileID: 0}
    - target: {fileID: 5228572994920761884, guid: 396f061e171d99941b1bb6bfefbb0b3e, type: 3}
      propertyPath: m_CompositePaths.m_Paths.Array.data[0].Array.data[20].y
      value: 2.4999707
      objectReference: {fileID: 0}
    - target: {fileID: 5228572994920761884, guid: 396f061e171d99941b1bb6bfefbb0b3e, type: 3}
      propertyPath: m_CompositePaths.m_Paths.Array.data[0].Array.data[21].x
      value: -4.0000296
      objectReference: {fileID: 0}
    - target: {fileID: 5228572994920761884, guid: 396f061e171d99941b1bb6bfefbb0b3e, type: 3}
      propertyPath: m_CompositePaths.m_Paths.Array.data[0].Array.data[21].y
      value: -3.5
      objectReference: {fileID: 0}
    - target: {fileID: 5228572994920761884, guid: 396f061e171d99941b1bb6bfefbb0b3e, type: 3}
      propertyPath: m_CompositePaths.m_Paths.Array.data[0].Array.data[22].x
      value: -7
      objectReference: {fileID: 0}
    - target: {fileID: 5228572994920761884, guid: 396f061e171d99941b1bb6bfefbb0b3e, type: 3}
      propertyPath: m_CompositePaths.m_Paths.Array.data[0].Array.data[22].y
      value: -3.5000293
      objectReference: {fileID: 0}
    - target: {fileID: 5228572994920761884, guid: 396f061e171d99941b1bb6bfefbb0b3e, type: 3}
      propertyPath: m_CompositePaths.m_Paths.Array.data[0].Array.data[23].x
      value: -6.9999704
      objectReference: {fileID: 0}
    - target: {fileID: 5228572994920761884, guid: 396f061e171d99941b1bb6bfefbb0b3e, type: 3}
      propertyPath: m_CompositePaths.m_Paths.Array.data[0].Array.data[23].y
      value: -5
      objectReference: {fileID: 0}
    - target: {fileID: 5228572994920761884, guid: 396f061e171d99941b1bb6bfefbb0b3e, type: 3}
      propertyPath: m_CompositePaths.m_Paths.Array.data[1].Array.data[21].y
      value: -2.5
      objectReference: {fileID: 0}
    - target: {fileID: 5228572994920761884, guid: 396f061e171d99941b1bb6bfefbb0b3e, type: 3}
      propertyPath: m_CompositePaths.m_Paths.Array.data[1].Array.data[22].x
      value: -4.5
      objectReference: {fileID: 0}
    - target: {fileID: 5228572994920761884, guid: 396f061e171d99941b1bb6bfefbb0b3e, type: 3}
      propertyPath: m_CompositePaths.m_Paths.Array.data[1].Array.data[22].y
      value: -2.5000293
      objectReference: {fileID: 0}
    - target: {fileID: 5228572994920761884, guid: 396f061e171d99941b1bb6bfefbb0b3e, type: 3}
      propertyPath: m_CompositePaths.m_Paths.Array.data[1].Array.data[23].x
      value: -4.5000296
      objectReference: {fileID: 0}
    - target: {fileID: 5228572994920761884, guid: 396f061e171d99941b1bb6bfefbb0b3e, type: 3}
      propertyPath: m_CompositePaths.m_Paths.Array.data[1].Array.data[24].x
      value: -7
      objectReference: {fileID: 0}
    - target: {fileID: 5228572994920761884, guid: 396f061e171d99941b1bb6bfefbb0b3e, type: 3}
      propertyPath: m_CompositePaths.m_Paths.Array.data[1].Array.data[24].y
      value: -3.5000293
      objectReference: {fileID: 0}
    - target: {fileID: 5228572994920761884, guid: 396f061e171d99941b1bb6bfefbb0b3e, type: 3}
      propertyPath: m_ColliderPaths.Array.data[0].m_ColliderPaths.Array.data[0].Array.size
      value: 8
      objectReference: {fileID: 0}
    - target: {fileID: 5228572994920761884, guid: 396f061e171d99941b1bb6bfefbb0b3e, type: 3}
      propertyPath: m_ColliderPaths.Array.data[0].m_ColliderPaths.Array.data[1].Array.size
      value: 26
      objectReference: {fileID: 0}
    - target: {fileID: 5228572994920761884, guid: 396f061e171d99941b1bb6bfefbb0b3e, type: 3}
      propertyPath: m_ColliderPaths.Array.data[0].m_ColliderPaths.Array.data[2].Array.size
      value: 6
      objectReference: {fileID: 0}
    - target: {fileID: 5228572994920761884, guid: 396f061e171d99941b1bb6bfefbb0b3e, type: 3}
      propertyPath: m_ColliderPaths.Array.data[0].m_ColliderPaths.Array.data[0].Array.data[0].X
      value: -70000000
      objectReference: {fileID: 0}
    - target: {fileID: 5228572994920761884, guid: 396f061e171d99941b1bb6bfefbb0b3e, type: 3}
      propertyPath: m_ColliderPaths.Array.data[0].m_ColliderPaths.Array.data[0].Array.data[0].Y
      value: 35000000
      objectReference: {fileID: 0}
    - target: {fileID: 5228572994920761884, guid: 396f061e171d99941b1bb6bfefbb0b3e, type: 3}
      propertyPath: m_ColliderPaths.Array.data[0].m_ColliderPaths.Array.data[0].Array.data[1].X
      value: -75000000
      objectReference: {fileID: 0}
    - target: {fileID: 5228572994920761884, guid: 396f061e171d99941b1bb6bfefbb0b3e, type: 3}
      propertyPath: m_ColliderPaths.Array.data[0].m_ColliderPaths.Array.data[0].Array.data[1].Y
      value: 35000000
      objectReference: {fileID: 0}
    - target: {fileID: 5228572994920761884, guid: 396f061e171d99941b1bb6bfefbb0b3e, type: 3}
      propertyPath: m_ColliderPaths.Array.data[0].m_ColliderPaths.Array.data[0].Array.data[2].X
      value: -75000000
      objectReference: {fileID: 0}
    - target: {fileID: 5228572994920761884, guid: 396f061e171d99941b1bb6bfefbb0b3e, type: 3}
      propertyPath: m_ColliderPaths.Array.data[0].m_ColliderPaths.Array.data[0].Array.data[2].Y
      value: 40000000
      objectReference: {fileID: 0}
    - target: {fileID: 5228572994920761884, guid: 396f061e171d99941b1bb6bfefbb0b3e, type: 3}
      propertyPath: m_ColliderPaths.Array.data[0].m_ColliderPaths.Array.data[0].Array.data[3].X
      value: -80000000
      objectReference: {fileID: 0}
    - target: {fileID: 5228572994920761884, guid: 396f061e171d99941b1bb6bfefbb0b3e, type: 3}
      propertyPath: m_ColliderPaths.Array.data[0].m_ColliderPaths.Array.data[0].Array.data[3].Y
      value: 40000000
      objectReference: {fileID: 0}
    - target: {fileID: 5228572994920761884, guid: 396f061e171d99941b1bb6bfefbb0b3e, type: 3}
      propertyPath: m_ColliderPaths.Array.data[0].m_ColliderPaths.Array.data[0].Array.data[4].X
      value: -80000000
      objectReference: {fileID: 0}
    - target: {fileID: 5228572994920761884, guid: 396f061e171d99941b1bb6bfefbb0b3e, type: 3}
      propertyPath: m_ColliderPaths.Array.data[0].m_ColliderPaths.Array.data[0].Array.data[4].Y
      value: 45000000
      objectReference: {fileID: 0}
    - target: {fileID: 5228572994920761884, guid: 396f061e171d99941b1bb6bfefbb0b3e, type: 3}
      propertyPath: m_ColliderPaths.Array.data[0].m_ColliderPaths.Array.data[0].Array.data[5].X
      value: -90000000
      objectReference: {fileID: 0}
    - target: {fileID: 5228572994920761884, guid: 396f061e171d99941b1bb6bfefbb0b3e, type: 3}
      propertyPath: m_ColliderPaths.Array.data[0].m_ColliderPaths.Array.data[0].Array.data[5].Y
      value: 45000000
      objectReference: {fileID: 0}
    - target: {fileID: 5228572994920761884, guid: 396f061e171d99941b1bb6bfefbb0b3e, type: 3}
      propertyPath: m_ColliderPaths.Array.data[0].m_ColliderPaths.Array.data[0].Array.data[6].X
      value: -90000000
      objectReference: {fileID: 0}
    - target: {fileID: 5228572994920761884, guid: 396f061e171d99941b1bb6bfefbb0b3e, type: 3}
      propertyPath: m_ColliderPaths.Array.data[0].m_ColliderPaths.Array.data[0].Array.data[6].Y
      value: 25000000
      objectReference: {fileID: 0}
    - target: {fileID: 5228572994920761884, guid: 396f061e171d99941b1bb6bfefbb0b3e, type: 3}
      propertyPath: m_ColliderPaths.Array.data[0].m_ColliderPaths.Array.data[0].Array.data[7].X
      value: -70000000
      objectReference: {fileID: 0}
    - target: {fileID: 5228572994920761884, guid: 396f061e171d99941b1bb6bfefbb0b3e, type: 3}
      propertyPath: m_ColliderPaths.Array.data[0].m_ColliderPaths.Array.data[0].Array.data[7].Y
      value: 25000000
      objectReference: {fileID: 0}
    - target: {fileID: 5228572994920761884, guid: 396f061e171d99941b1bb6bfefbb0b3e, type: 3}
      propertyPath: m_ColliderPaths.Array.data[0].m_ColliderPaths.Array.data[2].Array.data[0].X
      value: 70000000
      objectReference: {fileID: 0}
    - target: {fileID: 5228572994920761884, guid: 396f061e171d99941b1bb6bfefbb0b3e, type: 3}
      propertyPath: m_ColliderPaths.Array.data[0].m_ColliderPaths.Array.data[2].Array.data[0].Y
      value: 25000000
      objectReference: {fileID: 0}
    - target: {fileID: 5228572994920761884, guid: 396f061e171d99941b1bb6bfefbb0b3e, type: 3}
      propertyPath: m_ColliderPaths.Array.data[0].m_ColliderPaths.Array.data[2].Array.data[1].X
      value: 25000000
      objectReference: {fileID: 0}
    - target: {fileID: 5228572994920761884, guid: 396f061e171d99941b1bb6bfefbb0b3e, type: 3}
      propertyPath: m_ColliderPaths.Array.data[0].m_ColliderPaths.Array.data[2].Array.data[1].Y
      value: 25000000
      objectReference: {fileID: 0}
    - target: {fileID: 5228572994920761884, guid: 396f061e171d99941b1bb6bfefbb0b3e, type: 3}
      propertyPath: m_ColliderPaths.Array.data[0].m_ColliderPaths.Array.data[2].Array.data[2].X
      value: 25000000
      objectReference: {fileID: 0}
    - target: {fileID: 5228572994920761884, guid: 396f061e171d99941b1bb6bfefbb0b3e, type: 3}
      propertyPath: m_ColliderPaths.Array.data[0].m_ColliderPaths.Array.data[2].Array.data[2].Y
      value: 20000000
      objectReference: {fileID: 0}
    - target: {fileID: 5228572994920761884, guid: 396f061e171d99941b1bb6bfefbb0b3e, type: 3}
      propertyPath: m_ColliderPaths.Array.data[0].m_ColliderPaths.Array.data[2].Array.data[3].X
      value: 30000000
      objectReference: {fileID: 0}
    - target: {fileID: 5228572994920761884, guid: 396f061e171d99941b1bb6bfefbb0b3e, type: 3}
      propertyPath: m_ColliderPaths.Array.data[0].m_ColliderPaths.Array.data[2].Array.data[3].Y
      value: 20000000
      objectReference: {fileID: 0}
    - target: {fileID: 5228572994920761884, guid: 396f061e171d99941b1bb6bfefbb0b3e, type: 3}
      propertyPath: m_ColliderPaths.Array.data[0].m_ColliderPaths.Array.data[2].Array.data[4].X
      value: 30000000
      objectReference: {fileID: 0}
    - target: {fileID: 5228572994920761884, guid: 396f061e171d99941b1bb6bfefbb0b3e, type: 3}
      propertyPath: m_ColliderPaths.Array.data[0].m_ColliderPaths.Array.data[2].Array.data[4].Y
      value: 10000000
      objectReference: {fileID: 0}
    - target: {fileID: 5228572994920761884, guid: 396f061e171d99941b1bb6bfefbb0b3e, type: 3}
      propertyPath: m_ColliderPaths.Array.data[0].m_ColliderPaths.Array.data[2].Array.data[5].X
      value: 70000000
      objectReference: {fileID: 0}
    - target: {fileID: 5228572994920761884, guid: 396f061e171d99941b1bb6bfefbb0b3e, type: 3}
      propertyPath: m_ColliderPaths.Array.data[0].m_ColliderPaths.Array.data[2].Array.data[5].Y
      value: 10000000
      objectReference: {fileID: 0}
    - target: {fileID: 5228572994920761884, guid: 396f061e171d99941b1bb6bfefbb0b3e, type: 3}
      propertyPath: m_ColliderPaths.Array.data[0].m_ColliderPaths.Array.data[3].Array.data[0].Y
      value: -20000000
      objectReference: {fileID: 0}
    - target: {fileID: 5228572994920761884, guid: 396f061e171d99941b1bb6bfefbb0b3e, type: 3}
      propertyPath: m_ColliderPaths.Array.data[0].m_ColliderPaths.Array.data[3].Array.data[3].Y
      value: -20000000
      objectReference: {fileID: 0}
    - target: {fileID: 5228572994920761884, guid: 396f061e171d99941b1bb6bfefbb0b3e, type: 3}
      propertyPath: m_ColliderPaths.Array.data[0].m_ColliderPaths.Array.data[1].Array.data[20].Y
      value: -25000000
      objectReference: {fileID: 0}
    - target: {fileID: 5228572994920761884, guid: 396f061e171d99941b1bb6bfefbb0b3e, type: 3}
      propertyPath: m_ColliderPaths.Array.data[0].m_ColliderPaths.Array.data[1].Array.data[21].X
      value: -45000000
      objectReference: {fileID: 0}
    - target: {fileID: 5228572994920761884, guid: 396f061e171d99941b1bb6bfefbb0b3e, type: 3}
      propertyPath: m_ColliderPaths.Array.data[0].m_ColliderPaths.Array.data[1].Array.data[21].Y
      value: -25000000
      objectReference: {fileID: 0}
    - target: {fileID: 5228572994920761884, guid: 396f061e171d99941b1bb6bfefbb0b3e, type: 3}
      propertyPath: m_ColliderPaths.Array.data[0].m_ColliderPaths.Array.data[1].Array.data[22].X
      value: -45000000
      objectReference: {fileID: 0}
    - target: {fileID: 5228572994920761884, guid: 396f061e171d99941b1bb6bfefbb0b3e, type: 3}
      propertyPath: m_ColliderPaths.Array.data[0].m_ColliderPaths.Array.data[1].Array.data[22].Y
      value: -35000000
      objectReference: {fileID: 0}
    - target: {fileID: 5228572994920761884, guid: 396f061e171d99941b1bb6bfefbb0b3e, type: 3}
      propertyPath: m_ColliderPaths.Array.data[0].m_ColliderPaths.Array.data[1].Array.data[23].X
      value: -70000000
      objectReference: {fileID: 0}
    - target: {fileID: 5228572994920761884, guid: 396f061e171d99941b1bb6bfefbb0b3e, type: 3}
      propertyPath: m_ColliderPaths.Array.data[0].m_ColliderPaths.Array.data[1].Array.data[24].X
      value: -70000000
      objectReference: {fileID: 0}
    - target: {fileID: 5228572994920761884, guid: 396f061e171d99941b1bb6bfefbb0b3e, type: 3}
      propertyPath: m_ColliderPaths.Array.data[0].m_ColliderPaths.Array.data[1].Array.data[24].Y
      value: -50000000
      objectReference: {fileID: 0}
    - target: {fileID: 5228572994920761884, guid: 396f061e171d99941b1bb6bfefbb0b3e, type: 3}
      propertyPath: m_ColliderPaths.Array.data[0].m_ColliderPaths.Array.data[1].Array.data[25].X
      value: 15000000
      objectReference: {fileID: 0}
    - target: {fileID: 5228572994920761884, guid: 396f061e171d99941b1bb6bfefbb0b3e, type: 3}
      propertyPath: m_ColliderPaths.Array.data[0].m_ColliderPaths.Array.data[1].Array.data[25].Y
      value: -50000000
      objectReference: {fileID: 0}
    m_RemovedComponents: []
  m_SourcePrefab: {fileID: 100100000, guid: 396f061e171d99941b1bb6bfefbb0b3e, type: 3}
--- !u!1001 &1511858499
PrefabInstance:
  m_ObjectHideFlags: 0
  serializedVersion: 2
  m_Modification:
    m_TransformParent: {fileID: 0}
    m_Modifications:
    - target: {fileID: 3148254894093460211, guid: 3b22ed0a919fc2343961fca3a6a49a81, type: 3}
      propertyPath: m_Name
      value: Button 2
      objectReference: {fileID: 0}
    - target: {fileID: 3148254894093460211, guid: 3b22ed0a919fc2343961fca3a6a49a81, type: 3}
      propertyPath: m_IsActive
      value: 1
      objectReference: {fileID: 0}
    - target: {fileID: 3148254894093460223, guid: 3b22ed0a919fc2343961fca3a6a49a81, type: 3}
      propertyPath: m_RootOrder
      value: 15
      objectReference: {fileID: 0}
    - target: {fileID: 3148254894093460223, guid: 3b22ed0a919fc2343961fca3a6a49a81, type: 3}
      propertyPath: m_LocalPosition.x
      value: 1.99
      objectReference: {fileID: 0}
    - target: {fileID: 3148254894093460223, guid: 3b22ed0a919fc2343961fca3a6a49a81, type: 3}
      propertyPath: m_LocalPosition.y
      value: 13.24
      objectReference: {fileID: 0}
    - target: {fileID: 3148254894093460223, guid: 3b22ed0a919fc2343961fca3a6a49a81, type: 3}
      propertyPath: m_LocalPosition.z
      value: -1
      objectReference: {fileID: 0}
    - target: {fileID: 3148254894093460223, guid: 3b22ed0a919fc2343961fca3a6a49a81, type: 3}
      propertyPath: m_LocalRotation.w
      value: 1
      objectReference: {fileID: 0}
    - target: {fileID: 3148254894093460223, guid: 3b22ed0a919fc2343961fca3a6a49a81, type: 3}
      propertyPath: m_LocalRotation.x
      value: 0
      objectReference: {fileID: 0}
    - target: {fileID: 3148254894093460223, guid: 3b22ed0a919fc2343961fca3a6a49a81, type: 3}
      propertyPath: m_LocalRotation.y
      value: 0
      objectReference: {fileID: 0}
    - target: {fileID: 3148254894093460223, guid: 3b22ed0a919fc2343961fca3a6a49a81, type: 3}
      propertyPath: m_LocalRotation.z
      value: 0
      objectReference: {fileID: 0}
    - target: {fileID: 3148254894093460223, guid: 3b22ed0a919fc2343961fca3a6a49a81, type: 3}
      propertyPath: m_LocalEulerAnglesHint.x
      value: 0
      objectReference: {fileID: 0}
    - target: {fileID: 3148254894093460223, guid: 3b22ed0a919fc2343961fca3a6a49a81, type: 3}
      propertyPath: m_LocalEulerAnglesHint.y
      value: 0
      objectReference: {fileID: 0}
    - target: {fileID: 3148254894093460223, guid: 3b22ed0a919fc2343961fca3a6a49a81, type: 3}
      propertyPath: m_LocalEulerAnglesHint.z
      value: 0
      objectReference: {fileID: 0}
    m_RemovedComponents:
    - {fileID: -1141962741552920496, guid: 3b22ed0a919fc2343961fca3a6a49a81, type: 3}
  m_SourcePrefab: {fileID: 100100000, guid: 3b22ed0a919fc2343961fca3a6a49a81, type: 3}
--- !u!1 &1511858500 stripped
GameObject:
  m_CorrespondingSourceObject: {fileID: 3148254894093460211, guid: 3b22ed0a919fc2343961fca3a6a49a81, type: 3}
  m_PrefabInstance: {fileID: 1511858499}
  m_PrefabAsset: {fileID: 0}
--- !u!114 &1511858501
MonoBehaviour:
  m_ObjectHideFlags: 0
  m_CorrespondingSourceObject: {fileID: 0}
  m_PrefabInstance: {fileID: 0}
  m_PrefabAsset: {fileID: 0}
  m_GameObject: {fileID: 1511858500}
  m_Enabled: 1
  m_EditorHideFlags: 0
  m_Script: {fileID: 11500000, guid: a4b25f3ec107e9c49b1fe4750c145af6, type: 3}
  m_Name: 
  m_EditorClassIdentifier: 
  Obstacle:
  - {fileID: 1927326597}
  rbObstacle:
  - {fileID: 1927326598}
  sw: {fileID: 1300790032}
--- !u!1001 &1770942666
PrefabInstance:
  m_ObjectHideFlags: 0
  serializedVersion: 2
  m_Modification:
    m_TransformParent: {fileID: 0}
    m_Modifications:
    - target: {fileID: 6906694863877526842, guid: 89c26a532e5759249a4e51e64cd8232b, type: 3}
      propertyPath: m_RootOrder
      value: 12
      objectReference: {fileID: 0}
    - target: {fileID: 6906694863877526842, guid: 89c26a532e5759249a4e51e64cd8232b, type: 3}
      propertyPath: m_LocalPosition.x
      value: -8.318174
      objectReference: {fileID: 0}
    - target: {fileID: 6906694863877526842, guid: 89c26a532e5759249a4e51e64cd8232b, type: 3}
      propertyPath: m_LocalPosition.y
      value: 17.8
      objectReference: {fileID: 0}
    - target: {fileID: 6906694863877526842, guid: 89c26a532e5759249a4e51e64cd8232b, type: 3}
      propertyPath: m_LocalPosition.z
      value: -1.14
      objectReference: {fileID: 0}
    - target: {fileID: 6906694863877526842, guid: 89c26a532e5759249a4e51e64cd8232b, type: 3}
      propertyPath: m_LocalRotation.w
      value: 0.9659258
      objectReference: {fileID: 0}
    - target: {fileID: 6906694863877526842, guid: 89c26a532e5759249a4e51e64cd8232b, type: 3}
      propertyPath: m_LocalRotation.x
      value: 0
      objectReference: {fileID: 0}
    - target: {fileID: 6906694863877526842, guid: 89c26a532e5759249a4e51e64cd8232b, type: 3}
      propertyPath: m_LocalRotation.y
      value: 0.2588191
      objectReference: {fileID: 0}
    - target: {fileID: 6906694863877526842, guid: 89c26a532e5759249a4e51e64cd8232b, type: 3}
      propertyPath: m_LocalRotation.z
      value: 0
      objectReference: {fileID: 0}
    - target: {fileID: 6906694863877526842, guid: 89c26a532e5759249a4e51e64cd8232b, type: 3}
      propertyPath: m_LocalEulerAnglesHint.x
      value: 0
      objectReference: {fileID: 0}
    - target: {fileID: 6906694863877526842, guid: 89c26a532e5759249a4e51e64cd8232b, type: 3}
      propertyPath: m_LocalEulerAnglesHint.y
      value: 30
      objectReference: {fileID: 0}
    - target: {fileID: 6906694863877526842, guid: 89c26a532e5759249a4e51e64cd8232b, type: 3}
      propertyPath: m_LocalEulerAnglesHint.z
      value: 0
      objectReference: {fileID: 0}
    - target: {fileID: 6906694863877526845, guid: 89c26a532e5759249a4e51e64cd8232b, type: 3}
      propertyPath: m_Name
      value: vfx_Portal (1)
      objectReference: {fileID: 0}
    m_RemovedComponents: []
  m_SourcePrefab: {fileID: 100100000, guid: 89c26a532e5759249a4e51e64cd8232b, type: 3}
--- !u!1001 &1807687468
PrefabInstance:
  m_ObjectHideFlags: 0
  serializedVersion: 2
  m_Modification:
    m_TransformParent: {fileID: 0}
    m_Modifications:
    - target: {fileID: 3148254894093460211, guid: 3b22ed0a919fc2343961fca3a6a49a81, type: 3}
      propertyPath: m_Name
      value: Button 1
      objectReference: {fileID: 0}
    - target: {fileID: 3148254894093460223, guid: 3b22ed0a919fc2343961fca3a6a49a81, type: 3}
      propertyPath: m_RootOrder
      value: 2
      objectReference: {fileID: 0}
    - target: {fileID: 3148254894093460223, guid: 3b22ed0a919fc2343961fca3a6a49a81, type: 3}
      propertyPath: m_LocalPosition.x
      value: 6.7
      objectReference: {fileID: 0}
    - target: {fileID: 3148254894093460223, guid: 3b22ed0a919fc2343961fca3a6a49a81, type: 3}
      propertyPath: m_LocalPosition.y
      value: 2.79
      objectReference: {fileID: 0}
    - target: {fileID: 3148254894093460223, guid: 3b22ed0a919fc2343961fca3a6a49a81, type: 3}
      propertyPath: m_LocalPosition.z
      value: -1
      objectReference: {fileID: 0}
    - target: {fileID: 3148254894093460223, guid: 3b22ed0a919fc2343961fca3a6a49a81, type: 3}
      propertyPath: m_LocalRotation.w
      value: 1
      objectReference: {fileID: 0}
    - target: {fileID: 3148254894093460223, guid: 3b22ed0a919fc2343961fca3a6a49a81, type: 3}
      propertyPath: m_LocalRotation.x
      value: 0
      objectReference: {fileID: 0}
    - target: {fileID: 3148254894093460223, guid: 3b22ed0a919fc2343961fca3a6a49a81, type: 3}
      propertyPath: m_LocalRotation.y
      value: 0
      objectReference: {fileID: 0}
    - target: {fileID: 3148254894093460223, guid: 3b22ed0a919fc2343961fca3a6a49a81, type: 3}
      propertyPath: m_LocalRotation.z
      value: 0
      objectReference: {fileID: 0}
    - target: {fileID: 3148254894093460223, guid: 3b22ed0a919fc2343961fca3a6a49a81, type: 3}
      propertyPath: m_LocalEulerAnglesHint.x
      value: 0
      objectReference: {fileID: 0}
    - target: {fileID: 3148254894093460223, guid: 3b22ed0a919fc2343961fca3a6a49a81, type: 3}
      propertyPath: m_LocalEulerAnglesHint.y
      value: 0
      objectReference: {fileID: 0}
    - target: {fileID: 3148254894093460223, guid: 3b22ed0a919fc2343961fca3a6a49a81, type: 3}
      propertyPath: m_LocalEulerAnglesHint.z
      value: 0
      objectReference: {fileID: 0}
    m_RemovedComponents:
    - {fileID: -1141962741552920496, guid: 3b22ed0a919fc2343961fca3a6a49a81, type: 3}
  m_SourcePrefab: {fileID: 100100000, guid: 3b22ed0a919fc2343961fca3a6a49a81, type: 3}
--- !u!1 &1807687469 stripped
GameObject:
  m_CorrespondingSourceObject: {fileID: 3148254894093460211, guid: 3b22ed0a919fc2343961fca3a6a49a81, type: 3}
  m_PrefabInstance: {fileID: 1807687468}
  m_PrefabAsset: {fileID: 0}
--- !u!114 &1807687470
MonoBehaviour:
  m_ObjectHideFlags: 0
  m_CorrespondingSourceObject: {fileID: 0}
  m_PrefabInstance: {fileID: 0}
  m_PrefabAsset: {fileID: 0}
  m_GameObject: {fileID: 1807687469}
  m_Enabled: 1
  m_EditorHideFlags: 0
  m_Script: {fileID: 11500000, guid: a4b25f3ec107e9c49b1fe4750c145af6, type: 3}
  m_Name: 
  m_EditorClassIdentifier: 
  Obstacle:
  - {fileID: 537525393}
  rbObstacle:
  - {fileID: 537525394}
  sw: {fileID: 1300790032}
--- !u!1001 &1927326594
PrefabInstance:
  m_ObjectHideFlags: 0
  serializedVersion: 2
  m_Modification:
    m_TransformParent: {fileID: 0}
    m_Modifications:
    - target: {fileID: 9105669117626510012, guid: 42ce0ca80f9910945aaabd5ff8aec5a7, type: 3}
      propertyPath: m_Sprite
      value: 
      objectReference: {fileID: 3581976363580684779, guid: d713b7f272ebe35418d28a8bdc957ba6, type: 3}
    - target: {fileID: 9105669118011465941, guid: 42ce0ca80f9910945aaabd5ff8aec5a7, type: 3}
      propertyPath: m_Sprite
      value: 
      objectReference: {fileID: -701145450088738326, guid: d713b7f272ebe35418d28a8bdc957ba6, type: 3}
    - target: {fileID: 9105669118295508005, guid: 42ce0ca80f9910945aaabd5ff8aec5a7, type: 3}
      propertyPath: m_Enabled
      value: 1
      objectReference: {fileID: 0}
    - target: {fileID: 9105669118295508005, guid: 42ce0ca80f9910945aaabd5ff8aec5a7, type: 3}
      propertyPath: m_IsTrigger
      value: 0
      objectReference: {fileID: 0}
    - target: {fileID: 9105669118295508005, guid: 42ce0ca80f9910945aaabd5ff8aec5a7, type: 3}
      propertyPath: m_UsedByEffector
      value: 1
      objectReference: {fileID: 0}
    - target: {fileID: 9105669118703618345, guid: 42ce0ca80f9910945aaabd5ff8aec5a7, type: 3}
      propertyPath: m_Sprite
      value: 
      objectReference: {fileID: -4533138595082870998, guid: d713b7f272ebe35418d28a8bdc957ba6, type: 3}
    - target: {fileID: 9105669119336622012, guid: 42ce0ca80f9910945aaabd5ff8aec5a7, type: 3}
      propertyPath: m_Name
      value: FalingGround
      objectReference: {fileID: 0}
    - target: {fileID: 9105669119336622012, guid: 42ce0ca80f9910945aaabd5ff8aec5a7, type: 3}
      propertyPath: m_TagString
      value: Trap
      objectReference: {fileID: 0}
    - target: {fileID: 9105669119336622013, guid: 42ce0ca80f9910945aaabd5ff8aec5a7, type: 3}
      propertyPath: m_RootOrder
      value: 9
      objectReference: {fileID: 0}
    - target: {fileID: 9105669119336622013, guid: 42ce0ca80f9910945aaabd5ff8aec5a7, type: 3}
      propertyPath: m_LocalPosition.x
      value: 8.76
      objectReference: {fileID: 0}
    - target: {fileID: 9105669119336622013, guid: 42ce0ca80f9910945aaabd5ff8aec5a7, type: 3}
      propertyPath: m_LocalPosition.y
      value: 1.81
      objectReference: {fileID: 0}
    - target: {fileID: 9105669119336622013, guid: 42ce0ca80f9910945aaabd5ff8aec5a7, type: 3}
      propertyPath: m_LocalPosition.z
      value: -1
      objectReference: {fileID: 0}
    - target: {fileID: 9105669119336622013, guid: 42ce0ca80f9910945aaabd5ff8aec5a7, type: 3}
      propertyPath: m_LocalRotation.w
      value: 1
      objectReference: {fileID: 0}
    - target: {fileID: 9105669119336622013, guid: 42ce0ca80f9910945aaabd5ff8aec5a7, type: 3}
      propertyPath: m_LocalRotation.x
      value: 0
      objectReference: {fileID: 0}
    - target: {fileID: 9105669119336622013, guid: 42ce0ca80f9910945aaabd5ff8aec5a7, type: 3}
      propertyPath: m_LocalRotation.y
      value: 0
      objectReference: {fileID: 0}
    - target: {fileID: 9105669119336622013, guid: 42ce0ca80f9910945aaabd5ff8aec5a7, type: 3}
      propertyPath: m_LocalRotation.z
      value: 0
      objectReference: {fileID: 0}
    - target: {fileID: 9105669119336622013, guid: 42ce0ca80f9910945aaabd5ff8aec5a7, type: 3}
      propertyPath: m_LocalEulerAnglesHint.x
      value: 0
      objectReference: {fileID: 0}
    - target: {fileID: 9105669119336622013, guid: 42ce0ca80f9910945aaabd5ff8aec5a7, type: 3}
      propertyPath: m_LocalEulerAnglesHint.y
      value: 0
      objectReference: {fileID: 0}
    - target: {fileID: 9105669119336622013, guid: 42ce0ca80f9910945aaabd5ff8aec5a7, type: 3}
      propertyPath: m_LocalEulerAnglesHint.z
      value: 0
      objectReference: {fileID: 0}
    - target: {fileID: 9105669119336622014, guid: 42ce0ca80f9910945aaabd5ff8aec5a7, type: 3}
      propertyPath: m_Enabled
      value: 1
      objectReference: {fileID: 0}
    - target: {fileID: 9105669119336622014, guid: 42ce0ca80f9910945aaabd5ff8aec5a7, type: 3}
      propertyPath: m_IsTrigger
      value: 1
      objectReference: {fileID: 0}
    - target: {fileID: 9105669119336622014, guid: 42ce0ca80f9910945aaabd5ff8aec5a7, type: 3}
      propertyPath: m_UsedByEffector
      value: 0
      objectReference: {fileID: 0}
    m_RemovedComponents: []
  m_SourcePrefab: {fileID: 100100000, guid: 42ce0ca80f9910945aaabd5ff8aec5a7, type: 3}
--- !u!1 &1927326595 stripped
GameObject:
  m_CorrespondingSourceObject: {fileID: 9105669118295508011, guid: 42ce0ca80f9910945aaabd5ff8aec5a7, type: 3}
  m_PrefabInstance: {fileID: 1927326594}
  m_PrefabAsset: {fileID: 0}
--- !u!251 &1927326596
PlatformEffector2D:
  m_ObjectHideFlags: 0
  m_CorrespondingSourceObject: {fileID: 0}
  m_PrefabInstance: {fileID: 0}
  m_PrefabAsset: {fileID: 0}
  m_GameObject: {fileID: 1927326595}
  m_Enabled: 1
  m_UseColliderMask: 1
  m_ColliderMask:
    serializedVersion: 2
    m_Bits: 4294967295
  m_RotationalOffset: 0
  m_UseOneWay: 1
  m_UseOneWayGrouping: 0
  m_SurfaceArc: 180
  m_UseSideFriction: 0
  m_UseSideBounce: 0
  m_SideArc: 1
--- !u!1 &1927326597 stripped
GameObject:
  m_CorrespondingSourceObject: {fileID: 9105669119336622012, guid: 42ce0ca80f9910945aaabd5ff8aec5a7, type: 3}
  m_PrefabInstance: {fileID: 1927326594}
  m_PrefabAsset: {fileID: 0}
--- !u!50 &1927326598
Rigidbody2D:
  serializedVersion: 4
  m_ObjectHideFlags: 0
  m_CorrespondingSourceObject: {fileID: 0}
  m_PrefabInstance: {fileID: 0}
  m_PrefabAsset: {fileID: 0}
  m_GameObject: {fileID: 1927326597}
  m_BodyType: 1
  m_Simulated: 1
  m_UseFullKinematicContacts: 0
  m_UseAutoMass: 0
  m_Mass: 1
  m_LinearDrag: 0
  m_AngularDrag: 0.05
  m_GravityScale: 3
  m_Material: {fileID: 0}
  m_Interpolate: 0
  m_SleepingMode: 1
  m_CollisionDetection: 0
  m_Constraints: 4
--- !u!114 &1927326599
MonoBehaviour:
  m_ObjectHideFlags: 0
  m_CorrespondingSourceObject: {fileID: 0}
  m_PrefabInstance: {fileID: 0}
  m_PrefabAsset: {fileID: 0}
  m_GameObject: {fileID: 1927326597}
  m_Enabled: 1
  m_EditorHideFlags: 0
  m_Script: {fileID: 11500000, guid: 70dc0f6bccd75f445b95eacc81c31499, type: 3}
  m_Name: 
  m_EditorClassIdentifier: 
--- !u!1001 &2029305484
PrefabInstance:
  m_ObjectHideFlags: 0
  serializedVersion: 2
  m_Modification:
    m_TransformParent: {fileID: 0}
    m_Modifications:
    - target: {fileID: 1059029194139767787, guid: 608fa6fdc31496c448abfc7b59f82513, type: 3}
      propertyPath: sceneName
      value: Level2
      objectReference: {fileID: 0}
    - target: {fileID: 1059029194139767790, guid: 608fa6fdc31496c448abfc7b59f82513, type: 3}
      propertyPath: m_RootOrder
      value: 11
      objectReference: {fileID: 0}
    - target: {fileID: 1059029194139767790, guid: 608fa6fdc31496c448abfc7b59f82513, type: 3}
      propertyPath: m_LocalScale.x
      value: -1
      objectReference: {fileID: 0}
    - target: {fileID: 1059029194139767790, guid: 608fa6fdc31496c448abfc7b59f82513, type: 3}
      propertyPath: m_LocalPosition.x
      value: 8.2
      objectReference: {fileID: 0}
    - target: {fileID: 1059029194139767790, guid: 608fa6fdc31496c448abfc7b59f82513, type: 3}
      propertyPath: m_LocalPosition.y
      value: 11.372358
      objectReference: {fileID: 0}
    - target: {fileID: 1059029194139767790, guid: 608fa6fdc31496c448abfc7b59f82513, type: 3}
      propertyPath: m_LocalPosition.z
      value: 0
      objectReference: {fileID: 0}
    - target: {fileID: 1059029194139767790, guid: 608fa6fdc31496c448abfc7b59f82513, type: 3}
      propertyPath: m_LocalRotation.w
      value: 1
      objectReference: {fileID: 0}
    - target: {fileID: 1059029194139767790, guid: 608fa6fdc31496c448abfc7b59f82513, type: 3}
      propertyPath: m_LocalRotation.x
      value: 0
      objectReference: {fileID: 0}
    - target: {fileID: 1059029194139767790, guid: 608fa6fdc31496c448abfc7b59f82513, type: 3}
      propertyPath: m_LocalRotation.y
      value: 0
      objectReference: {fileID: 0}
    - target: {fileID: 1059029194139767790, guid: 608fa6fdc31496c448abfc7b59f82513, type: 3}
      propertyPath: m_LocalRotation.z
      value: 0
      objectReference: {fileID: 0}
    - target: {fileID: 1059029194139767790, guid: 608fa6fdc31496c448abfc7b59f82513, type: 3}
      propertyPath: m_LocalEulerAnglesHint.x
      value: 0
      objectReference: {fileID: 0}
    - target: {fileID: 1059029194139767790, guid: 608fa6fdc31496c448abfc7b59f82513, type: 3}
      propertyPath: m_LocalEulerAnglesHint.y
      value: 0
      objectReference: {fileID: 0}
    - target: {fileID: 1059029194139767790, guid: 608fa6fdc31496c448abfc7b59f82513, type: 3}
      propertyPath: m_LocalEulerAnglesHint.z
      value: 0
      objectReference: {fileID: 0}
    - target: {fileID: 1059029194139767791, guid: 608fa6fdc31496c448abfc7b59f82513, type: 3}
      propertyPath: m_Name
      value: Player Parallel
      objectReference: {fileID: 0}
    - target: {fileID: 1059029194139767791, guid: 608fa6fdc31496c448abfc7b59f82513, type: 3}
      propertyPath: m_IsActive
      value: 1
      objectReference: {fileID: 0}
    m_RemovedComponents: []
  m_SourcePrefab: {fileID: 100100000, guid: 608fa6fdc31496c448abfc7b59f82513, type: 3}
--- !u!1 &2029305485 stripped
GameObject:
  m_CorrespondingSourceObject: {fileID: 1059029194139767791, guid: 608fa6fdc31496c448abfc7b59f82513, type: 3}
  m_PrefabInstance: {fileID: 2029305484}
  m_PrefabAsset: {fileID: 0}
--- !u!1001 &2059989965
PrefabInstance:
  m_ObjectHideFlags: 0
  serializedVersion: 2
  m_Modification:
    m_TransformParent: {fileID: 0}
    m_Modifications:
    - target: {fileID: 8977038489621774169, guid: 43ce796bb8dc4834b8dcb53a7886f86a, type: 3}
      propertyPath: m_Name
      value: ExitButton
      objectReference: {fileID: 0}
    - target: {fileID: 8977038489621774173, guid: 43ce796bb8dc4834b8dcb53a7886f86a, type: 3}
      propertyPath: m_Pivot.x
      value: 0
      objectReference: {fileID: 0}
    - target: {fileID: 8977038489621774173, guid: 43ce796bb8dc4834b8dcb53a7886f86a, type: 3}
      propertyPath: m_Pivot.y
      value: 0
      objectReference: {fileID: 0}
    - target: {fileID: 8977038489621774173, guid: 43ce796bb8dc4834b8dcb53a7886f86a, type: 3}
      propertyPath: m_RootOrder
      value: 19
      objectReference: {fileID: 0}
    - target: {fileID: 8977038489621774173, guid: 43ce796bb8dc4834b8dcb53a7886f86a, type: 3}
      propertyPath: m_AnchorMax.x
      value: 0
      objectReference: {fileID: 0}
    - target: {fileID: 8977038489621774173, guid: 43ce796bb8dc4834b8dcb53a7886f86a, type: 3}
      propertyPath: m_AnchorMax.y
      value: 0
      objectReference: {fileID: 0}
    - target: {fileID: 8977038489621774173, guid: 43ce796bb8dc4834b8dcb53a7886f86a, type: 3}
      propertyPath: m_AnchorMin.x
      value: 0
      objectReference: {fileID: 0}
    - target: {fileID: 8977038489621774173, guid: 43ce796bb8dc4834b8dcb53a7886f86a, type: 3}
      propertyPath: m_AnchorMin.y
      value: 0
      objectReference: {fileID: 0}
    - target: {fileID: 8977038489621774173, guid: 43ce796bb8dc4834b8dcb53a7886f86a, type: 3}
      propertyPath: m_SizeDelta.x
      value: 0
      objectReference: {fileID: 0}
    - target: {fileID: 8977038489621774173, guid: 43ce796bb8dc4834b8dcb53a7886f86a, type: 3}
      propertyPath: m_SizeDelta.y
      value: 0
      objectReference: {fileID: 0}
    - target: {fileID: 8977038489621774173, guid: 43ce796bb8dc4834b8dcb53a7886f86a, type: 3}
      propertyPath: m_LocalPosition.x
      value: 0
      objectReference: {fileID: 0}
    - target: {fileID: 8977038489621774173, guid: 43ce796bb8dc4834b8dcb53a7886f86a, type: 3}
      propertyPath: m_LocalPosition.y
      value: 0
      objectReference: {fileID: 0}
    - target: {fileID: 8977038489621774173, guid: 43ce796bb8dc4834b8dcb53a7886f86a, type: 3}
      propertyPath: m_LocalPosition.z
      value: 0
      objectReference: {fileID: 0}
    - target: {fileID: 8977038489621774173, guid: 43ce796bb8dc4834b8dcb53a7886f86a, type: 3}
      propertyPath: m_LocalRotation.w
      value: 1
      objectReference: {fileID: 0}
    - target: {fileID: 8977038489621774173, guid: 43ce796bb8dc4834b8dcb53a7886f86a, type: 3}
      propertyPath: m_LocalRotation.x
      value: 0
      objectReference: {fileID: 0}
    - target: {fileID: 8977038489621774173, guid: 43ce796bb8dc4834b8dcb53a7886f86a, type: 3}
      propertyPath: m_LocalRotation.y
      value: 0
      objectReference: {fileID: 0}
    - target: {fileID: 8977038489621774173, guid: 43ce796bb8dc4834b8dcb53a7886f86a, type: 3}
      propertyPath: m_LocalRotation.z
      value: 0
      objectReference: {fileID: 0}
    - target: {fileID: 8977038489621774173, guid: 43ce796bb8dc4834b8dcb53a7886f86a, type: 3}
      propertyPath: m_AnchoredPosition.x
      value: 0
      objectReference: {fileID: 0}
    - target: {fileID: 8977038489621774173, guid: 43ce796bb8dc4834b8dcb53a7886f86a, type: 3}
      propertyPath: m_AnchoredPosition.y
      value: 0
      objectReference: {fileID: 0}
    - target: {fileID: 8977038489621774173, guid: 43ce796bb8dc4834b8dcb53a7886f86a, type: 3}
      propertyPath: m_LocalEulerAnglesHint.x
      value: 0
      objectReference: {fileID: 0}
    - target: {fileID: 8977038489621774173, guid: 43ce796bb8dc4834b8dcb53a7886f86a, type: 3}
      propertyPath: m_LocalEulerAnglesHint.y
      value: 0
      objectReference: {fileID: 0}
    - target: {fileID: 8977038489621774173, guid: 43ce796bb8dc4834b8dcb53a7886f86a, type: 3}
      propertyPath: m_LocalEulerAnglesHint.z
      value: 0
      objectReference: {fileID: 0}
    m_RemovedComponents: []
  m_SourcePrefab: {fileID: 100100000, guid: 43ce796bb8dc4834b8dcb53a7886f86a, type: 3}
--- !u!1001 &3659380653210738002
PrefabInstance:
  m_ObjectHideFlags: 0
  serializedVersion: 2
  m_Modification:
    m_TransformParent: {fileID: 0}
    m_Modifications:
    - target: {fileID: 2609740728453766842, guid: 1b089e6ac614ed4488c80ab3f2664fd0, type: 3}
      propertyPath: m_Name
      value: Hiden Spike Block
      objectReference: {fileID: 0}
    - target: {fileID: 4059020130263938863, guid: 1b089e6ac614ed4488c80ab3f2664fd0, type: 3}
      propertyPath: m_RootOrder
      value: 3
      objectReference: {fileID: 0}
    - target: {fileID: 4059020130263938863, guid: 1b089e6ac614ed4488c80ab3f2664fd0, type: 3}
      propertyPath: m_LocalPosition.x
      value: 3.7929144
      objectReference: {fileID: 0}
    - target: {fileID: 4059020130263938863, guid: 1b089e6ac614ed4488c80ab3f2664fd0, type: 3}
      propertyPath: m_LocalPosition.y
      value: -3.1573815
      objectReference: {fileID: 0}
    - target: {fileID: 4059020130263938863, guid: 1b089e6ac614ed4488c80ab3f2664fd0, type: 3}
      propertyPath: m_LocalPosition.z
      value: -1
      objectReference: {fileID: 0}
    - target: {fileID: 4059020130263938863, guid: 1b089e6ac614ed4488c80ab3f2664fd0, type: 3}
      propertyPath: m_LocalRotation.w
      value: 1
      objectReference: {fileID: 0}
    - target: {fileID: 4059020130263938863, guid: 1b089e6ac614ed4488c80ab3f2664fd0, type: 3}
      propertyPath: m_LocalRotation.x
      value: 0
      objectReference: {fileID: 0}
    - target: {fileID: 4059020130263938863, guid: 1b089e6ac614ed4488c80ab3f2664fd0, type: 3}
      propertyPath: m_LocalRotation.y
      value: 0
      objectReference: {fileID: 0}
    - target: {fileID: 4059020130263938863, guid: 1b089e6ac614ed4488c80ab3f2664fd0, type: 3}
      propertyPath: m_LocalRotation.z
      value: 0
      objectReference: {fileID: 0}
    - target: {fileID: 4059020130263938863, guid: 1b089e6ac614ed4488c80ab3f2664fd0, type: 3}
      propertyPath: m_LocalEulerAnglesHint.x
      value: 0
      objectReference: {fileID: 0}
    - target: {fileID: 4059020130263938863, guid: 1b089e6ac614ed4488c80ab3f2664fd0, type: 3}
      propertyPath: m_LocalEulerAnglesHint.y
      value: 0
      objectReference: {fileID: 0}
    - target: {fileID: 4059020130263938863, guid: 1b089e6ac614ed4488c80ab3f2664fd0, type: 3}
      propertyPath: m_LocalEulerAnglesHint.z
      value: 0
      objectReference: {fileID: 0}
    m_RemovedComponents: []
  m_SourcePrefab: {fileID: 100100000, guid: 1b089e6ac614ed4488c80ab3f2664fd0, type: 3}
